"des"	"id"	"type"	"sv_id"	"start_speed"	"end_speed"	"sz_top"	"sz_bot"	"pfx_x"	"pfx_z"	"px"	"pz"	"vx0"	"vy0"	"vz0"	"ax"	"ay"	"az"	"break_y"	"break_angle"	"break_length"	"pitch_type"	"type_confidence"	"zone"	"nasty"	"spin_dir"	"spin_rate"	"inning_side"	"inning"	"num"	"gameday_link"	"count"	"pitcher"	"batter"	"start_tfs_zulu"	"stand"	"b_height"	"p_throws"	"event"	"batter_name"	"pitcher_name"
"Foul"	60	"S"	"130401_135713"	82.3	76.8	3.44	1.5	4.38	-3.51	0.565	2.1	4.924	-120.545	-1.318	6.468	22.648	-37.287	23.9	-10.9	10.5	"SL"	2	9	70	51.673	992.285	"bottom"	1	9	"gid_2013_04_01_chnmlb_pitmlb_1"	"0-0"	502188	457705	"2013-04-01T17:56:58Z"	"R"	"5-10"	"R"	"Forceout"	"Andrew McCutchen"	"Jeff Samardzija"
"Ball In Dirt"	61	"B"	"130401_135753"	83.1	78	3.62	1.61	3.61	-0.89	1.852	0.839	8.338	-121.504	-4.995	5.442	22.055	-33.436	23.9	-11	9.4	"SL"	2	14	16	76.944	667.029	"bottom"	1	9	"gid_2013_04_01_chnmlb_pitmlb_1"	"0-1"	502188	457705	"2013-04-01T17:56:58Z"	"R"	"5-10"	"R"	"Forceout"	"Andrew McCutchen"	"Jeff Samardzija"
"Ball"	62	"B"	"130401_135841"	92.8	85.7	3.7	1.61	-8.44	6.36	-2.016	1.79	3.678	-135.86	-7.033	-15.791	29.607	-20.208	23.8	34.7	5.7	"FF"	2	13	31	232.845	2115.695	"bottom"	1	9	"gid_2013_04_01_chnmlb_pitmlb_1"	"1-1"	502188	457705	"2013-04-01T17:56:58Z"	"R"	"5-10"	"R"	"Forceout"	"Andrew McCutchen"	"Jeff Samardzija"
"In play, out(s)"	63	"X"	"130401_135911"	82.3	76.9	3.44	1.5	2.12	-1.65	0.12	1.579	5.081	-120.609	-3.039	3.137	22.484	-34.537	23.9	-6.4	9.7	"SL"	2	8	32	53.01	472.42	"bottom"	1	9	"gid_2013_04_01_chnmlb_pitmlb_1"	"2-1"	502188	457705	"2013-04-01T17:56:58Z"	"R"	"5-10"	"R"	"Forceout"	"Andrew McCutchen"	"Jeff Samardzija"
"Swinging Strike"	204	"S"	"130401_144359"	95.7	87.2	3.44	1.5	-6.64	7.59	-0.194	2.99	7.17	-140.065	-4.403	-13.053	34.603	-17.168	23.7	31.8	4.4	"FF"	2	2	51	221.017	2060.057	"bottom"	3	25	"gid_2013_04_01_chnmlb_pitmlb_1"	"0-0"	502188	457705	"2013-04-01T18:43:44Z"	"R"	"5-10"	"R"	"Strikeout"	"Andrew McCutchen"	"Jeff Samardzija"
"Called Strike"	205	"S"	"130401_144418"	91.6	85	3.65	1.65	-1.2	7.87	0.548	3.115	6.849	-134.111	-3.935	-2.21	26.66	-17.64	23.8	2.8	4.1	"FC"	2	3	48	188.644	1590.327	"bottom"	3	25	"gid_2013_04_01_chnmlb_pitmlb_1"	"0-1"	502188	457705	"2013-04-01T18:43:44Z"	"R"	"5-10"	"R"	"Strikeout"	"Andrew McCutchen"	"Jeff Samardzija"
"Foul"	206	"S"	"130401_144435"	96.9	88.4	3.44	1.5	-6.87	7.56	-0.473	3.743	6.424	-141.993	-2.856	-13.886	35.511	-16.813	23.7	35.1	4.3	"FF"	2	11	51	222.112	2115.696	"bottom"	3	25	"gid_2013_04_01_chnmlb_pitmlb_1"	"0-2"	502188	457705	"2013-04-01T18:43:44Z"	"R"	"5-10"	"R"	"Strikeout"	"Andrew McCutchen"	"Jeff Samardzija"
"Ball"	207	"B"	"130401_144455"	83.2	77	3.61	1.56	-5.31	2.67	-0.846	1.519	4.168	-121.933	-4.437	-7.977	24.333	-28.081	23.8	14	8	"FS"	2	13	58	242.837	1066.765	"bottom"	3	25	"gid_2013_04_01_chnmlb_pitmlb_1"	"0-2"	502188	457705	"2013-04-01T18:43:44Z"	"R"	"5-10"	"R"	"Strikeout"	"Andrew McCutchen"	"Jeff Samardzija"
"Swinging Strike"	208	"S"	"130401_144523"	82.2	76.5	3.44	1.5	-4.7	3.75	-0.277	2.404	5.105	-120.433	-2.833	-6.946	21.936	-26.555	23.8	12.7	7.6	"FS"	2	4	16	231.028	1076.249	"bottom"	3	25	"gid_2013_04_01_chnmlb_pitmlb_1"	"1-2"	502188	457705	"2013-04-01T18:43:44Z"	"R"	"5-10"	"R"	"Strikeout"	"Andrew McCutchen"	"Jeff Samardzija"
"Called Strike"	371	"S"	"130401_154053"	80.9	76	3.57	1.57	4.76	-2.28	0.547	2.996	4.208	-118.565	0.274	6.874	19.638	-35.395	23.9	-11.9	10.1	"SL"	2	3	71	64.893	928.876	"bottom"	6	46	"gid_2013_04_01_chnmlb_pitmlb_1"	"0-0"	502188	457705	"2013-04-01T19:40:39Z"	"R"	"5-10"	"R"	"Double"	"Andrew McCutchen"	"Jeff Samardzija"
"Ball"	372	"B"	"130401_154108"	93	85.3	3.7	1.62	-10.81	3.72	-1.907	3.244	4.27	-136.374	-2.246	-20.204	31.999	-25.142	23.8	36.8	7	"FT"	2	11	32	250.809	2275.819	"bottom"	6	46	"gid_2013_04_01_chnmlb_pitmlb_1"	"0-1"	502188	457705	"2013-04-01T19:40:39Z"	"R"	"5-10"	"R"	"Double"	"Andrew McCutchen"	"Jeff Samardzija"
"Ball"	373	"B"	"130401_154123"	91.4	84.5	3.75	1.7	-1.9	8.52	1.208	1.716	8.925	-133.621	-7.167	-3.453	28.082	-16.657	23.8	5.3	4.1	"FC"	2	14	60	192.544	1725.959	"bottom"	6	46	"gid_2013_04_01_chnmlb_pitmlb_1"	"1-1"	502188	457705	"2013-04-01T19:40:39Z"	"R"	"5-10"	"R"	"Double"	"Andrew McCutchen"	"Jeff Samardzija"
"In play, no out"	374	"X"	"130401_154139"	81.3	75.5	3.44	1.5	3.84	-0.97	-0.055	1.954	3.359	-119.244	-2.236	5.512	23.4	-33.5	23.8	-10.2	9.7	"SL"	2	8	25	76.473	689.75	"bottom"	6	46	"gid_2013_04_01_chnmlb_pitmlb_1"	"2-1"	502188	457705	"2013-04-01T19:40:39Z"	"R"	"5-10"	"R"	"Double"	"Andrew McCutchen"	"Jeff Samardzija"
"Ball"	532	"B"	"130401_162618"	93.1	87.1	3.68	1.63	-2.44	11.21	1	1.225	7.02	-136.028	-9.964	-4.652	24.741	-10.72	23.9	15.3	2.7	"FF"	2	14	83	192.233	2341.312	"bottom"	9	65	"gid_2013_04_01_chnmlb_pitmlb_1"	"0-0"	461791	457705	"2013-04-01T20:25:52Z"	"R"	"5-10"	"R"	"Hit By Pitch"	"Andrew McCutchen"	"Carlos Marmol"
"Hit By Pitch"	533	"B"	"130401_162636"	90.4	83.6	3.44	1.5	-2.24	8.84	-1.904	4.167	-0.209	-132.556	-1.567	-4.013	26.929	-16.29	23.8	13.7	3.9	"FF"	2	11	24	194.177	1793.076	"bottom"	9	65	"gid_2013_04_01_chnmlb_pitmlb_1"	"1-0"	461791	457705	"2013-04-01T20:25:52Z"	"R"	"5-10"	"R"	"Hit By Pitch"	"Andrew McCutchen"	"Carlos Marmol"
"Foul"	50	"S"	"130403_191717"	91.4	85	3.56	1.5	-7.11	7.23	-0.171	2.381	6.073	-133.791	-6.246	-13.021	26.084	-18.865	23.9	30.7	5.2	"FF"	2	5	43	224.372	2019.004	"bottom"	1	7	"gid_2013_04_03_chnmlb_pitmlb_1"	"0-0"	429719	457705	"2013-04-03T23:17:16Z"	"R"	"5-10"	"R"	"Strikeout"	"Andrew McCutchen"	"Edwin Jackson"
"Called Strike"	51	"S"	"130403_191736"	93.1	85.6	3.59	1.75	-8.47	9.47	0.625	2.668	8.497	-136.099	-6.351	-15.878	30.015	-14.355	23.8	41.8	4.6	"FT"	2	6	46	221.702	2544.151	"bottom"	1	7	"gid_2013_04_03_chnmlb_pitmlb_1"	"0-1"	429719	457705	"2013-04-03T23:17:16Z"	"R"	"5-10"	"R"	"Strikeout"	"Andrew McCutchen"	"Edwin Jackson"
"Foul"	52	"S"	"130403_191752"	85.1	77.9	3.56	1.5	0.68	0.16	-0.399	2.281	2.498	-124.709	-2.988	1.058	28.424	-31.852	23.8	-2.8	8.5	"SL"	2	4	34	106.928	128.655	"bottom"	1	7	"gid_2013_04_03_chnmlb_pitmlb_1"	"0-2"	429719	457705	"2013-04-03T23:17:16Z"	"R"	"5-10"	"R"	"Strikeout"	"Andrew McCutchen"	"Edwin Jackson"
"Ball"	53	"B"	"130403_191826"	91.4	84.2	3.55	1.62	-9.6	5.94	-0.5	1.028	5.411	-133.611	-9.144	-17.278	29.928	-21.411	23.8	34.6	6.4	"FT"	2	13	40	238.079	2210.319	"bottom"	1	7	"gid_2013_04_03_chnmlb_pitmlb_1"	"0-2"	429719	457705	"2013-04-03T23:17:16Z"	"R"	"5-10"	"R"	"Strikeout"	"Andrew McCutchen"	"Edwin Jackson"
"Ball"	54	"B"	"130403_191843"	84.1	78.6	3.54	1.66	2.36	-1.6	-0.204	1.318	2.558	-123.217	-4.626	3.64	23.324	-34.578	23.9	-6.5	9.3	"SL"	2	13	43	56.557	513.615	"bottom"	1	7	"gid_2013_04_03_chnmlb_pitmlb_1"	"1-2"	429719	457705	"2013-04-03T23:17:16Z"	"R"	"5-10"	"R"	"Strikeout"	"Andrew McCutchen"	"Edwin Jackson"
"Ball"	55	"B"	"130403_191916"	83.4	77	3.42	1.66	-0.36	0.93	0.05	0.383	3.887	-122.074	-7.122	-0.542	26.263	-30.712	23.8	-0.3	8.7	"SL"	2	14	13	200.34	185.306	"bottom"	1	7	"gid_2013_04_03_chnmlb_pitmlb_1"	"2-2"	429719	457705	"2013-04-03T23:17:16Z"	"R"	"5-10"	"R"	"Strikeout"	"Andrew McCutchen"	"Edwin Jackson"
"Foul"	56	"S"	"130403_191942"	94.2	86.8	3.56	1.5	-2.01	9.59	-0.217	2.92	4.361	-137.883	-6.28	-3.871	30.069	-13.602	23.8	11.2	3.2	"FF"	2	2	31	191.772	1996.111	"bottom"	1	7	"gid_2013_04_03_chnmlb_pitmlb_1"	"3-2"	429719	457705	"2013-04-03T23:17:16Z"	"R"	"5-10"	"R"	"Strikeout"	"Andrew McCutchen"	"Edwin Jackson"
"Swinging Strike"	57	"S"	"130403_192017"	83.8	77.8	3.56	1.5	2.6	-2.22	-0.469	1.975	1.799	-122.799	-2.664	3.975	24.394	-35.487	23.8	-6.8	9.6	"SL"	2	7	38	50.189	611.343	"bottom"	1	7	"gid_2013_04_03_chnmlb_pitmlb_1"	"3-2"	429719	457705	"2013-04-03T23:17:16Z"	"R"	"5-10"	"R"	"Strikeout"	"Andrew McCutchen"	"Edwin Jackson"
"Foul"	189	"S"	"130403_200124"	82.6	76.7	3.67	1.66	-0.32	-0.68	0.228	1.717	4.68	-120.962	-3.564	-0.472	23.655	-33.1	23.8	-0.6	9.2	"SL"	2	8	68	332.993	124.657	"bottom"	4	26	"gid_2013_04_03_chnmlb_pitmlb_1"	"0-0"	429719	457705	"2013-04-04T00:00:51Z"	"R"	"5-10"	"R"	"Double"	"Andrew McCutchen"	"Edwin Jackson"
"Ball"	190	"B"	"130403_200155"	84.2	77.2	3.63	1.62	0.64	1.01	0.255	1.033	4.067	-123.338	-5.667	0.97	28.131	-30.563	23.8	-3.2	8.5	"SL"	2	14	21	148.949	221.195	"bottom"	4	26	"gid_2013_04_03_chnmlb_pitmlb_1"	"0-1"	429719	457705	"2013-04-04T00:00:51Z"	"R"	"5-10"	"R"	"Double"	"Andrew McCutchen"	"Edwin Jackson"
"Ball In Dirt"	191	"B"	"130403_200223"	76.2	71.5	3.55	1.75	5.86	-4.92	0.228	-1.408	2.066	-111.423	-7.859	7.313	21.43	-38.241	23.9	-10.8	13	"CU"	2	14	15	50.319	1237.21	"bottom"	4	26	"gid_2013_04_03_chnmlb_pitmlb_1"	"1-1"	429719	457705	"2013-04-04T00:00:51Z"	"R"	"5-10"	"R"	"Double"	"Andrew McCutchen"	"Edwin Jackson"
"Ball In Dirt"	192	"B"	"130403_200257"	87.5	80.6	3.63	1.62	-10.18	11.64	0.879	0.334	9.554	-127.428	-11.624	-16.746	26.166	-12.956	23.8	44.3	5.3	"CH"	2	14	44	221.067	2902.11	"bottom"	4	26	"gid_2013_04_03_chnmlb_pitmlb_1"	"2-1"	429719	457705	"2013-04-04T00:00:51Z"	"R"	"5-10"	"R"	"Double"	"Andrew McCutchen"	"Edwin Jackson"
"Called Strike"	193	"S"	"130403_200335"	83.5	76.4	3.67	1.75	1.65	0.56	0.182	2.768	3.606	-122.414	-1.954	2.467	27.558	-31.263	23.7	-5.8	8.7	"SL"	2	5	21	110.268	311.673	"bottom"	4	26	"gid_2013_04_03_chnmlb_pitmlb_1"	"3-1"	429719	457705	"2013-04-04T00:00:51Z"	"R"	"5-10"	"R"	"Double"	"Andrew McCutchen"	"Edwin Jackson"
"Foul (Runner Going)"	195	"S"	"130403_200453"	84.8	78.1	3.56	1.5	0.64	2.28	-0.522	2.824	2.34	-124.377	-2.659	1	26.458	-28.545	23.8	-2.9	7.6	"SL"	2	4	35	164.596	439.078	"bottom"	4	26	"gid_2013_04_03_chnmlb_pitmlb_1"	"3-2"	429719	457705	"2013-04-04T00:00:51Z"	"R"	"5-10"	"R"	"Double"	"Andrew McCutchen"	"Edwin Jackson"
"In play, run(s)"	196	"X"	"130403_200529"	84.7	78.7	3.56	1.5	-0.44	-0.08	-0.2	2.293	3.737	-124.124	-2.792	-0.692	24.266	-32.23	23.8	0.1	8.5	"SL"	2	5	22	274.627	81.147	"bottom"	4	26	"gid_2013_04_03_chnmlb_pitmlb_1"	"3-2"	429719	457705	"2013-04-04T00:00:51Z"	"R"	"5-10"	"R"	"Double"	"Andrew McCutchen"	"Edwin Jackson"
"Ball"	322	"B"	"130403_204216"	78.6	73.3	3.59	1.62	8.17	0.87	1.388	1.305	4.833	-115.149	-3.725	10.961	21.557	-30.93	23.9	-20.3	10.2	"SL"	2	14	64	96.475	1389.861	"bottom"	6	41	"gid_2013_04_03_chnmlb_pitmlb_1"	"0-0"	444468	457705	"2013-04-04T00:42:24Z"	"R"	"5-10"	"R"	"Walk"	"Andrew McCutchen"	"Hector Rondon"
"Ball"	323	"B"	"130403_204232"	88.1	80.9	3.72	1.79	-2.44	10.37	-0.345	3.57	4.981	-129.151	-2.952	-4.111	27.516	-14.636	23.8	11.4	3.8	"FF"	2	1	43	193.191	2023.483	"bottom"	6	41	"gid_2013_04_03_chnmlb_pitmlb_1"	"1-0"	444468	457705	"2013-04-04T00:42:24Z"	"R"	"5-10"	"R"	"Walk"	"Andrew McCutchen"	"Hector Rondon"
"Ball"	324	"B"	"130403_204250"	88.3	82.1	3.55	1.75	-4.15	10.38	0.342	0.792	7.28	-128.911	-9.402	-7.044	24.506	-14.472	23.8	19.5	4.1	"FF"	0.768	14	31	201.697	2144.139	"bottom"	6	41	"gid_2013_04_03_chnmlb_pitmlb_1"	"2-0"	444468	457705	"2013-04-04T00:42:24Z"	"R"	"5-10"	"R"	"Walk"	"Andrew McCutchen"	"Hector Rondon"
"Ball"	325	"B"	"130403_204310"	89.8	82.7	3.55	1.5	-4.53	9.61	-0.718	4.067	4.722	-131.587	-1.941	-7.958	27.56	-15.234	23.8	24.1	4	"FF"	2	11	44	205.162	2063.503	"bottom"	6	41	"gid_2013_04_03_chnmlb_pitmlb_1"	"3-0"	444468	457705	"2013-04-04T00:42:24Z"	"R"	"5-10"	"R"	"Walk"	"Andrew McCutchen"	"Hector Rondon"
"Ball"	492	"B"	"130403_214307"	85.2	79.2	3.63	1.71	-9.1	5.85	1.14	2.199	9.453	-124.553	-3.072	-14.457	22.398	-22.801	23.8	28.8	6.8	"SI"	2	14	68	237.042	2006.885	"bottom"	8	59	"gid_2013_04_03_chnmlb_pitmlb_1"	"0-0"	425861	457705	"2013-04-04T01:43:10Z"	"R"	"5-10"	"R"	"Pop Out"	"Andrew McCutchen"	"Shawn Camp"
"Called Strike"	493	"S"	"130403_214321"	76.2	70.5	3.63	1.58	9.72	2.83	-0.226	2.844	1.01	-111.825	0.693	12.291	20.506	-28.517	23.8	-23.6	10	"SL"	2	5	25	106.57	1663.681	"bottom"	8	59	"gid_2013_04_03_chnmlb_pitmlb_1"	"1-0"	425861	457705	"2013-04-04T01:43:10Z"	"R"	"5-10"	"R"	"Pop Out"	"Andrew McCutchen"	"Shawn Camp"
"In play, out(s)"	494	"X"	"130403_214337"	76.1	70.4	3.56	1.5	8.29	1.25	0.442	2.144	2.517	-111.521	-0.248	10.391	20.912	-30.534	23.8	-19.4	10.5	"SL"	2	9	34	98.969	1368.503	"bottom"	8	59	"gid_2013_04_03_chnmlb_pitmlb_1"	"1-1"	425861	457705	"2013-04-04T01:43:10Z"	"R"	"5-10"	"R"	"Pop Out"	"Andrew McCutchen"	"Shawn Camp"
"Ball"	52	"B"	"130404_125027"	89.8	82.4	3.67	1.71	11	12.66	1.974	2.95	-3.268	-131.469	-6.377	19.187	28.826	-10.032	23.8	-58.3	5.1	"FT"	2	12	32	139.091	3233.151	"bottom"	1	7	"gid_2013_04_04_chnmlb_pitmlb_1"	"0-0"	475243	457705	"2013-04-04T16:50:09Z"	"R"	"5-10"	"L"	"Strikeout"	"Andrew McCutchen"	"Travis Wood"
"Called Strike"	53	"S"	"130404_125042"	88.2	81.3	3.7	1.69	1.64	9.73	0.759	2.455	-3.276	-129.163	-6.32	2.762	27.103	-15.684	23.8	-7.1	4.1	"FC"	2	14	46	170.493	1877.988	"bottom"	1	7	"gid_2013_04_04_chnmlb_pitmlb_1"	"1-0"	475243	457705	"2013-04-04T16:50:09Z"	"R"	"5-10"	"L"	"Strikeout"	"Andrew McCutchen"	"Travis Wood"
"Called Strike"	54	"S"	"130404_125059"	91.2	83.3	3.62	1.78	9.86	11.82	0.771	1.855	-5.357	-133.406	-8.879	17.583	31.416	-11.011	23.7	-51.4	4.8	"FT"	2	14	69	140.28	2992.159	"bottom"	1	7	"gid_2013_04_04_chnmlb_pitmlb_1"	"1-1"	475243	457705	"2013-04-04T16:50:09Z"	"R"	"5-10"	"L"	"Strikeout"	"Andrew McCutchen"	"Travis Wood"
"Swinging Strike"	55	"S"	"130404_125120"	92.2	84.6	3.56	1.5	5.16	14.02	0.319	3.167	-5.36	-135.018	-6.683	9.499	30.161	-6.283	23.8	-47	2.5	"FF"	2	3	43	159.854	2963.34	"bottom"	1	7	"gid_2013_04_04_chnmlb_pitmlb_1"	"1-2"	475243	457705	"2013-04-04T16:50:09Z"	"R"	"5-10"	"L"	"Strikeout"	"Andrew McCutchen"	"Travis Wood"
"Called Strike"	208	"S"	"130404_133720"	87.6	81.1	3.53	1.5	1.82	8.97	0.926	2.873	-3.251	-128.358	-4.923	3.057	25.286	-17.062	23.8	-7.7	4.4	"FC"	2	12	68	168.566	1742.65	"bottom"	4	27	"gid_2013_04_04_chnmlb_pitmlb_1"	"0-0"	475243	457705	"2013-04-04T17:37:05Z"	"R"	"5-10"	"L"	"Strikeout"	"Andrew McCutchen"	"Travis Wood"
"Swinging Strike"	209	"S"	"130404_133735"	91.1	83.3	3.56	1.5	6.58	11.09	0.972	3.303	-4.475	-133.407	-5.146	11.779	30.614	-12.256	23.7	-38.7	3.9	"FF"	2	12	58	149.402	2516.47	"bottom"	4	27	"gid_2013_04_04_chnmlb_pitmlb_1"	"0-1"	475243	457705	"2013-04-04T17:37:05Z"	"R"	"5-10"	"L"	"Strikeout"	"Andrew McCutchen"	"Travis Wood"
"Swinging Strike"	210	"S"	"130404_133755"	91.8	83.9	3.56	1.5	6.43	11.68	0.569	2.68	-5.435	-134.285	-6.916	11.658	30.921	-10.922	23.7	-39.9	3.6	"FF"	2	6	41	151.254	2618.783	"bottom"	4	27	"gid_2013_04_04_chnmlb_pitmlb_1"	"0-2"	475243	457705	"2013-04-04T17:37:05Z"	"R"	"5-10"	"L"	"Strikeout"	"Andrew McCutchen"	"Travis Wood"
"Swinging Strike"	355	"S"	"130404_142100"	77.5	72.1	3.56	1.5	7.96	3.49	0.7	1.965	3.778	-113.562	-1.873	10.424	20.329	-27.534	23.9	-21.5	9.3	"SL"	2	9	78	113.996	1457.662	"bottom"	7	46	"gid_2013_04_04_chnmlb_pitmlb_1"	"0-0"	425861	457705	"2013-04-04T18:20:29Z"	"R"	"5-10"	"R"	"Field Error"	"Andrew McCutchen"	"Shawn Camp"
"Ball"	356	"B"	"130404_142115"	86.9	79.8	3.54	1.5	-4.89	8.8	1.651	2.651	9.773	-127.036	-3.444	-7.975	26.601	-17.754	23.8	18	4.8	"SI"	2	12	25	208.944	1881.871	"bottom"	7	46	"gid_2013_04_04_chnmlb_pitmlb_1"	"0-1"	425861	457705	"2013-04-04T18:20:29Z"	"R"	"5-10"	"R"	"Field Error"	"Andrew McCutchen"	"Shawn Camp"
"Called Strike"	357	"S"	"130404_142130"	86.6	80.7	3.59	1.5	-8.8	0.76	0.305	1.758	8.07	-126.655	-2.861	-14.434	23.424	-30.848	23.9	22.6	8.4	"SI"	2	9	48	264.751	1660.319	"bottom"	7	46	"gid_2013_04_04_chnmlb_pitmlb_1"	"1-1"	425861	457705	"2013-04-04T18:20:29Z"	"R"	"5-10"	"R"	"Field Error"	"Andrew McCutchen"	"Shawn Camp"
"In play, no out"	358	"X"	"130404_142150"	79.2	73.1	3.56	1.5	6.27	-1.43	1.089	1.856	4.835	-116	-0.725	8.465	23.564	-34.035	23.8	-15.2	10.7	"SL"	2	14	52	77.601	1083.979	"bottom"	7	46	"gid_2013_04_04_chnmlb_pitmlb_1"	"1-2"	425861	457705	"2013-04-04T18:20:29Z"	"R"	"5-10"	"R"	"Field Error"	"Andrew McCutchen"	"Shawn Camp"
"Ball"	519	"B"	"130404_151116"	92.9	86.2	3.55	1.58	-3.1	9.42	-1.136	1.96	2.988	-135.963	-7.436	-5.851	27.522	-14.33	23.8	18.4	3.6	"FF"	2	13	74	198.153	2003.774	"bottom"	9	63	"gid_2013_04_04_chnmlb_pitmlb_1"	"0-0"	461791	457705	"2013-04-04T19:10:57Z"	"R"	"5-10"	"R"	"Single"	"Andrew McCutchen"	"Carlos Marmol"
"In play, run(s)"	520	"X"	"130404_151138"	93.2	86.2	3.56	1.5	-2.65	9.47	0.204	2.328	5.529	-136.439	-6.768	-5.017	28.781	-14.17	23.8	14	3.4	"FF"	2	5	29	195.569	1987.339	"bottom"	9	63	"gid_2013_04_04_chnmlb_pitmlb_1"	"1-0"	461791	457705	"2013-04-04T19:10:57Z"	"R"	"5-10"	"R"	"Single"	"Andrew McCutchen"	"Carlos Marmol"
"In play, out(s)"	17	"X"	"130405_191436"	92	83.7	3.57	1.5	-2.41	13.23	0.348	2.627	6.192	-134.604	-7.201	-4.367	32.641	-8.139	23.7	16.3	2.3	"FF"	2	6	49	190.296	2632.941	"top"	1	3	"gid_2013_04_05_pitmlb_lanmlb_1"	"0-0"	425844	457705	"2013-04-06T02:14:21Z"	"R"	"5-10"	"R"	"Flyout"	"Andrew McCutchen"	"Zack Greinke"
"Ball"	183	"B"	"130405_200507"	89.9	81.9	3.47	1.58	-4.27	15.62	1.049	2.364	8.474	-131.298	-8.071	-7.387	30.325	-5.1	23.7	38.1	2.1	"FF"	2	14	67	195.26	3100.905	"top"	4	23	"gid_2013_04_05_pitmlb_lanmlb_1"	"0-0"	425844	457705	"2013-04-06T03:04:51Z"	"R"	"5-10"	"R"	"Strikeout"	"Andrew McCutchen"	"Zack Greinke"
"Swinging Strike"	184	"S"	"130405_200525"	84.9	77.9	3.47	1.5	-9.76	7.53	-0.904	1.491	5.87	-124.172	-6.255	-15.119	26.622	-20.435	23.8	32.7	6.8	"CH"	2	13	63	232.172	2236.399	"top"	4	23	"gid_2013_04_05_pitmlb_lanmlb_1"	"1-0"	425844	457705	"2013-04-06T03:04:51Z"	"R"	"5-10"	"R"	"Strikeout"	"Andrew McCutchen"	"Zack Greinke"
"Swinging Strike"	185	"S"	"130405_200544"	74.3	68	3.47	1.5	4.53	-0.89	0.048	1.977	3.05	-108.954	-1.055	5.329	22.917	-33.152	23.7	-10	11.7	"CU"	2	8	20	79.6	721.436	"top"	4	23	"gid_2013_04_05_pitmlb_lanmlb_1"	"1-1"	425844	457705	"2013-04-06T03:04:51Z"	"R"	"5-10"	"R"	"Strikeout"	"Andrew McCutchen"	"Zack Greinke"
"Ball"	186	"B"	"130405_200606"	90.2	82.6	3.44	1.58	-8.1	11.38	1.236	2.627	10.103	-131.747	-6.067	-14.182	29.042	-12.173	23.8	41.6	4.2	"FT"	2	12	50	215.338	2699.975	"top"	4	23	"gid_2013_04_05_pitmlb_lanmlb_1"	"1-2"	425844	457705	"2013-04-06T03:04:51Z"	"R"	"5-10"	"R"	"Strikeout"	"Andrew McCutchen"	"Zack Greinke"
"Ball"	187	"B"	"130405_200627"	81.9	75.5	3.47	1.61	3.55	2.31	-0.02	1.545	3.091	-120.012	-4.536	5.132	25.317	-28.77	23.8	-10.9	8.5	"SL"	2	13	36	123.557	744.455	"top"	4	23	"gid_2013_04_05_pitmlb_lanmlb_1"	"2-2"	425844	457705	"2013-04-06T03:04:51Z"	"R"	"5-10"	"R"	"Strikeout"	"Andrew McCutchen"	"Zack Greinke"
"Called Strike"	188	"S"	"130405_200646"	89.5	81.7	3.37	1.58	-1.25	14.12	0.3	2.384	5.582	-130.949	-7.095	-2.145	29.812	-7.791	23.7	5.5	2.2	"FF"	2	6	29	185.026	2711.822	"top"	4	23	"gid_2013_04_05_pitmlb_lanmlb_1"	"3-2"	425844	457705	"2013-04-06T03:04:51Z"	"R"	"5-10"	"R"	"Strikeout"	"Andrew McCutchen"	"Zack Greinke"
"In play, no out"	358	"X"	"130405_210103"	89.8	82.2	3.47	1.5	-4.25	13.37	0.391	1.987	7.032	-131.272	-7.954	-7.379	29.24	-8.895	23.8	28.8	2.8	"FF"	2	9	57	197.586	2698.888	"top"	7	46	"gid_2013_04_05_pitmlb_lanmlb_1"	"0-0"	425844	457705	"2013-04-06T04:00:46Z"	"R"	"5-10"	"R"	"Single"	"Andrew McCutchen"	"Zack Greinke"
"In play, out(s)"	13	"X"	"130406_181109"	92.6	85.3	3.44	1.5	-0.41	13.47	0.103	3.543	-2.824	-135.722	-5.491	-0.77	29.263	-6.927	23.8	9.6	1.8	"FF"	2	12	58	181.745	2699.999	"top"	1	3	"gid_2013_04_06_pitmlb_lanmlb_1"	"0-0"	477132	457705	"2013-04-07T01:10:55Z"	"R"	"5-10"	"L"	"Fielders Choice Out"	"Andrew McCutchen"	"Clayton Kershaw"
"Ball"	201	"B"	"130406_191135"	92.1	83.9	3.44	1.5	-1.16	12.95	-0.51	3.902	-4.165	-135.029	-3.997	-2.118	32.47	-8.456	23.7	18.3	2.2	"FF"	2	11	53	185.101	2558.456	"top"	4	24	"gid_2013_04_06_pitmlb_lanmlb_1"	"0-0"	477132	457705	"2013-04-07T02:11:19Z"	"R"	"5-10"	"L"	"Strikeout"	"Andrew McCutchen"	"Clayton Kershaw"
"Ball"	202	"B"	"130406_191148"	91.8	83.8	3.44	1.5	-0.62	14.18	1.075	3.888	-0.778	-134.514	-4.617	-1.135	31.215	-6.315	23.7	10.1	1.7	"FF"	2	12	48	182.511	2791.672	"top"	4	24	"gid_2013_04_06_pitmlb_lanmlb_1"	"1-0"	477132	457705	"2013-04-07T02:11:19Z"	"R"	"5-10"	"L"	"Strikeout"	"Andrew McCutchen"	"Clayton Kershaw"
"Foul"	203	"S"	"130406_191203"	92.3	84.1	3.44	1.5	-2.57	13.11	-0.206	3.116	-2.901	-135.198	-6.035	-4.697	32.658	-8.108	23.7	29.4	2.4	"FF"	2	2	37	191.042	2631.2	"top"	4	24	"gid_2013_04_06_pitmlb_lanmlb_1"	"2-0"	477132	457705	"2013-04-07T02:11:19Z"	"R"	"5-10"	"L"	"Strikeout"	"Andrew McCutchen"	"Clayton Kershaw"
"Ball"	204	"B"	"130406_191233"	92.7	84.9	3.44	1.5	-0.66	13.02	-0.913	2.774	-5.461	-135.673	-6.873	-1.215	31.237	-7.974	23.8	14.4	2.2	"FF"	2	11	54	182.872	2591.02	"top"	4	24	"gid_2013_04_06_pitmlb_lanmlb_1"	"2-1"	477132	457705	"2013-04-07T02:11:19Z"	"R"	"5-10"	"L"	"Strikeout"	"Andrew McCutchen"	"Clayton Kershaw"
"Called Strike"	205	"S"	"130406_191250"	92.8	84.2	3.57	1.52	-1.41	13.51	0.544	3.567	-2.073	-135.977	-5.07	-2.605	34.026	-7.186	23.7	20.2	2	"FF"	2	3	55	185.95	2680.498	"top"	4	24	"gid_2013_04_06_pitmlb_lanmlb_1"	"3-1"	477132	457705	"2013-04-07T02:11:19Z"	"R"	"5-10"	"L"	"Strikeout"	"Andrew McCutchen"	"Clayton Kershaw"
"Swinging Strike"	206	"S"	"130406_191310"	85.9	79.1	3.44	1.5	-5.41	2.44	-1.019	1.409	-4.174	-125.813	-5.286	-8.58	27.854	-28.228	23.8	17.7	7.9	"SL"	2	13	60	245.301	1089.001	"top"	4	24	"gid_2013_04_06_pitmlb_lanmlb_1"	"3-2"	477132	457705	"2013-04-07T02:11:19Z"	"R"	"5-10"	"L"	"Strikeout"	"Andrew McCutchen"	"Clayton Kershaw"
"Ball"	396	"B"	"130406_201754"	71.8	66.2	3.44	1.5	-4.88	-5.92	-1.317	1.396	-3.851	-105.182	-0.746	-5.359	21.107	-38.605	23.8	8.7	14.5	"CU"	2	13	74	320.196	1154.642	"top"	7	47	"gid_2013_04_06_pitmlb_lanmlb_1"	"0-0"	477132	457705	"2013-04-07T03:17:37Z"	"R"	"5-10"	"L"	"Groundout"	"Andrew McCutchen"	"Clayton Kershaw"
"Called Strike"	397	"S"	"130406_201808"	84.5	77.3	3.44	1.5	-5.98	4.36	-0.285	1.837	-2.694	-123.759	-4.904	-9.124	28.358	-25.451	23.7	20	7.5	"SL"	2	7	32	233.615	1328.574	"top"	7	47	"gid_2013_04_06_pitmlb_lanmlb_1"	"1-0"	477132	457705	"2013-04-07T03:17:37Z"	"R"	"5-10"	"L"	"Groundout"	"Andrew McCutchen"	"Clayton Kershaw"
"In play, out(s)"	398	"X"	"130406_201826"	90.9	82.2	3.44	1.5	0.97	14.12	0.195	2.634	-3.543	-133.046	-7.419	1.702	33.807	-7.297	23.7	-5.1	2.1	"FF"	2	5	26	176.088	2719.02	"top"	7	47	"gid_2013_04_06_pitmlb_lanmlb_1"	"1-1"	477132	457705	"2013-04-07T03:17:37Z"	"R"	"5-10"	"L"	"Groundout"	"Andrew McCutchen"	"Clayton Kershaw"
"In play, out(s)"	563	"X"	"130406_211153"	93.8	86.9	3.44	1.5	-11.07	3.52	0.786	2.745	11.565	-137.023	-2.547	-21.223	27.772	-25.355	23.8	36.2	6.8	"SI"	2	12	63	252.187	2360.204	"top"	9	66	"gid_2013_04_06_pitmlb_lanmlb_1"	"0-0"	434181	457705	"2013-04-07T04:11:32Z"	"R"	"5-10"	"R"	"Groundout"	"Andrew McCutchen"	"Brandon League"
"Ball In Dirt"	17	"B"	"130407_131411"	82.5	77	3.44	1.58	-1.56	0.93	-0.817	1.014	-6.366	-120.782	-4.892	-2.319	22.792	-30.728	23.9	6	8.7	"SL"	2	13	72	238.054	328.263	"top"	1	3	"gid_2013_04_07_pitmlb_lanmlb_1"	"0-0"	547943	457705	"2013-04-07T20:13:57Z"	"R"	"5-10"	"L"	"Home Run"	"Andrew McCutchen"	"Hyunjin Ryu"
"Swinging Strike"	19	"S"	"130407_131450"	77.5	71.7	3.56	1.5	8.3	5.13	1.736	2.98	-3.721	-113.607	-0.717	10.856	20.673	-25.389	23.8	-21.8	8.5	"CH"	2	12	22	122.006	1634.828	"top"	1	3	"gid_2013_04_07_pitmlb_lanmlb_1"	"1-0"	547943	457705	"2013-04-07T20:13:57Z"	"R"	"5-10"	"L"	"Home Run"	"Andrew McCutchen"	"Hyunjin Ryu"
"In play, run(s)"	20	"X"	"130407_131516"	88.8	82	3.56	1.5	2.91	10.24	0.722	2.895	-4.468	-130.145	-4.619	5.003	26.609	-14.483	23.8	-15	3.8	"FF"	2	12	52	164.211	2049.434	"top"	1	3	"gid_2013_04_07_pitmlb_lanmlb_1"	"1-1"	547943	457705	"2013-04-07T20:13:57Z"	"R"	"5-10"	"L"	"Home Run"	"Andrew McCutchen"	"Hyunjin Ryu"
"Called Strike"	167	"S"	"130407_135812"	81.8	75.2	3.56	1.5	8.56	8.27	0.999	2.247	-5.666	-119.831	-3.817	12.387	24.294	-20.131	23.8	-28.4	6.7	"CH"	2	14	72	134.194	2091.629	"top"	3	21	"gid_2013_04_07_pitmlb_lanmlb_1"	"0-0"	547943	457705	"2013-04-07T20:57:55Z"	"R"	"5-10"	"L"	"Flyout"	"Andrew McCutchen"	"Hyunjin Ryu"
"Called Strike"	168	"S"	"130407_135830"	82.6	76.8	3.56	1.5	-1.02	1.96	0.291	2.682	-3.785	-121.042	-1.595	-1.524	22.277	-29.172	23.9	4.2	8	"SL"	2	6	27	206.914	403.524	"top"	3	21	"gid_2013_04_07_pitmlb_lanmlb_1"	"0-1"	547943	457705	"2013-04-07T20:57:55Z"	"R"	"5-10"	"L"	"Flyout"	"Andrew McCutchen"	"Hyunjin Ryu"
"Ball"	169	"B"	"130407_135850"	83	77.1	3.34	1.62	-3.99	-1.34	-0.796	1.847	-4.977	-121.536	-2.501	-5.967	23.751	-34.1	23.8	11.1	9.5	"SL"	2	13	52	287.889	748.469	"top"	3	21	"gid_2013_04_07_pitmlb_lanmlb_1"	"0-2"	547943	457705	"2013-04-07T20:57:55Z"	"R"	"5-10"	"L"	"Flyout"	"Andrew McCutchen"	"Hyunjin Ryu"
"Ball"	170	"B"	"130407_135912"	80.3	74.7	3.56	1.5	9.8	5	2.414	2.403	-2.993	-117.731	-2.38	13.849	20.822	-25.031	23.9	-27.7	8.2	"CH"	2	14	16	117.284	1920.221	"top"	3	21	"gid_2013_04_07_pitmlb_lanmlb_1"	"1-2"	547943	457705	"2013-04-07T20:57:55Z"	"R"	"5-10"	"L"	"Flyout"	"Andrew McCutchen"	"Hyunjin Ryu"
"In play, out(s)"	171	"X"	"130407_135933"	81.8	75.8	3.56	1.5	8.63	5.23	0.286	1.513	-7.006	-119.752	-4.386	12.555	22.712	-24.484	23.8	-24.1	7.7	"CH"	2	9	43	121.488	1783.664	"top"	3	21	"gid_2013_04_07_pitmlb_lanmlb_1"	"2-2"	547943	457705	"2013-04-07T20:57:55Z"	"R"	"5-10"	"L"	"Flyout"	"Andrew McCutchen"	"Hyunjin Ryu"
"Ball"	334	"B"	"130407_145147"	89.8	81.9	3.56	1.5	4.44	8.19	1.494	3.48	-3.064	-131.651	-2.198	7.713	30.667	-17.884	23.7	-20.9	4.6	"FF"	2	12	51	151.643	1789.487	"top"	6	43	"gid_2013_04_07_pitmlb_lanmlb_1"	"0-0"	547943	457705	"2013-04-07T21:51:13Z"	"R"	"5-10"	"L"	"Flyout"	"Andrew McCutchen"	"Hyunjin Ryu"
"Ball"	335	"B"	"130407_145159"	80.9	75.1	3.56	1.5	6.86	8.16	0.056	1.22	-7.167	-118.325	-5.401	9.781	21.417	-20.466	23.8	-21.8	6.6	"CH"	2	14	37	140.125	1870.536	"top"	6	43	"gid_2013_04_07_pitmlb_lanmlb_1"	"1-0"	547943	457705	"2013-04-07T21:51:13Z"	"R"	"5-10"	"L"	"Flyout"	"Andrew McCutchen"	"Hyunjin Ryu"
"Called Strike"	336	"S"	"130407_145214"	90.5	83.2	3.56	1.5	6.16	10.91	1.051	2.85	-5.065	-132.583	-4.95	10.963	28.512	-12.688	23.8	-35.8	3.9	"FT"	2	12	62	150.639	2446.54	"top"	6	43	"gid_2013_04_07_pitmlb_lanmlb_1"	"2-0"	547943	457705	"2013-04-07T21:51:13Z"	"R"	"5-10"	"L"	"Flyout"	"Andrew McCutchen"	"Hyunjin Ryu"
"In play, out(s)"	337	"X"	"130407_145228"	82.7	77.2	3.56	1.5	6.43	8.4	0.283	2.488	-6.7	-121.063	-3.336	9.695	20.211	-19.437	23.9	-23.4	5.8	"CH"	2	6	26	142.724	1918.231	"top"	6	43	"gid_2013_04_07_pitmlb_lanmlb_1"	"2-1"	547943	457705	"2013-04-07T21:51:13Z"	"R"	"5-10"	"L"	"Flyout"	"Andrew McCutchen"	"Hyunjin Ryu"
"Called Strike"	504	"S"	"130407_154126"	96.3	88	3.56	1.5	-9.6	6.42	-0.119	2.227	10.097	-140.672	-6.212	-19.097	34.198	-19.336	23.7	38.8	5.5	"SI"	2	5	41	236.088	2373.184	"top"	8	62	"gid_2013_04_07_pitmlb_lanmlb_1"	"0-0"	430613	457705	"2013-04-07T22:41:20Z"	"R"	"5-10"	"R"	"Groundout"	"Andrew McCutchen"	"Ronald Belisario"
"Foul"	505	"S"	"130407_154146"	97	87.6	3.56	1.5	-8.63	6.42	-0.393	3.607	8.351	-142.041	-3.013	-17.273	38.827	-19.257	23.7	36.8	5.1	"SI"	2	11	56	233.21	2202.982	"top"	8	62	"gid_2013_04_07_pitmlb_lanmlb_1"	"0-1"	430613	457705	"2013-04-07T22:41:20Z"	"R"	"5-10"	"R"	"Groundout"	"Andrew McCutchen"	"Ronald Belisario"
"In play, out(s)"	506	"X"	"130407_154216"	97	88.9	3.56	1.5	-8.89	4.28	-0.244	3.249	9.383	-141.928	-3.273	-18.052	34	-23.414	23.8	33.3	5.8	"SI"	2	1	45	244.114	2051.057	"top"	8	62	"gid_2013_04_07_pitmlb_lanmlb_1"	"0-2"	430613	457705	"2013-04-07T22:41:20Z"	"R"	"5-10"	"R"	"Groundout"	"Andrew McCutchen"	"Ronald Belisario"
"In play, run(s)"	21	"X"	"130408_184618"	90.6	84.1	3.54	1.5	-9	4.84	-0.819	2.892	6.894	-132.577	-4.49	-16.138	26.3	-23.428	23.8	31.4	6.4	"SI"	0	11	66	241.544	2008.641	"top"	1	3	"gid_2013_04_08_pitmlb_arimlb_1"	"0-0"	502239	457705	"2013-04-09T01:45:45Z"	"R"	"5-10"	"R"	"Double"	"Andrew McCutchen"	"Trevor Cahill"
"Ball"	164	"B"	"130408_192522"	90.8	84.9	3.54	1.5	-6.69	5.09	1.024	4.181	10.295	-132.817	-2.215	-12.16	23.676	-22.85	23.9	24.1	5.7	"SI"	0	12	61	232.519	1673.786	"top"	3	20	"gid_2013_04_08_pitmlb_arimlb_1"	"0-0"	502239	457705	"2013-04-09T02:25:12Z"	"R"	"5-10"	"R"	"Walk"	"Andrew McCutchen"	"Trevor Cahill"
"Ball"	165	"B"	"130408_192534"	84.4	79.7	3.54	1.5	-1.24	1.39	0.929	1.767	8.945	-123.446	-4.317	-1.955	19.734	-29.909	23.9	1.3	7.8	"SL"	0.478	14	54	220.798	351.634	"top"	3	20	"gid_2013_04_08_pitmlb_arimlb_1"	"1-0"	502239	457705	"2013-04-09T02:25:12Z"	"R"	"5-10"	"R"	"Walk"	"Andrew McCutchen"	"Trevor Cahill"
"Ball"	166	"B"	"130408_192548"	89.8	84.3	3.41	1.7	-8.72	2.92	0.416	1.761	9.989	-131.188	-6.349	-15.474	22.932	-26.921	23.9	26.4	7.1	"SI"	0	9	53	251.249	1807.154	"top"	3	20	"gid_2013_04_08_pitmlb_arimlb_1"	"2-0"	502239	457705	"2013-04-09T02:25:12Z"	"R"	"5-10"	"R"	"Walk"	"Andrew McCutchen"	"Trevor Cahill"
"Foul"	167	"S"	"130408_192603"	87.1	81	3.54	1.5	-9.4	1.64	-0.787	2.619	7.339	-127.427	-3.203	-15.588	24.077	-29.384	23.9	25.5	8.1	"SI"	0	11	53	259.852	1802.928	"top"	3	20	"gid_2013_04_08_pitmlb_arimlb_1"	"3-0"	502239	457705	"2013-04-09T02:25:12Z"	"R"	"5-10"	"R"	"Walk"	"Andrew McCutchen"	"Trevor Cahill"
"Ball"	168	"B"	"130408_192629"	92.1	86	3.28	1.78	-8.91	2.58	0.348	1.556	9.674	-134.534	-7.17	-16.522	25.872	-27.323	23.9	27.3	7	"SI"	0	14	56	253.637	1856.902	"top"	3	20	"gid_2013_04_08_pitmlb_arimlb_1"	"3-1"	502239	457705	"2013-04-09T02:25:12Z"	"R"	"5-10"	"R"	"Walk"	"Andrew McCutchen"	"Trevor Cahill"
"Ball"	344	"B"	"130408_202809"	90.2	84.6	3.54	1.5	-7.81	3.71	1.549	2.742	12.806	-131.646	-3.591	-13.998	22.239	-25.444	23.9	24.7	6.4	"SI"	0	12	35	244.322	1711.656	"top"	5	41	"gid_2013_04_08_pitmlb_arimlb_1"	"0-0"	502239	457705	"2013-04-09T03:27:54Z"	"R"	"5-10"	"R"	"Sac Fly"	"Andrew McCutchen"	"Trevor Cahill"
"Called Strike"	345	"S"	"130408_202830"	87.8	81.7	3.54	1.5	1.61	3.32	-0.607	2.599	4.88	-128.656	-3.281	2.721	25.013	-26.498	23.8	-7.5	6.6	"SL"	0.893	4	34	154.389	709.797	"top"	5	41	"gid_2013_04_08_pitmlb_arimlb_1"	"1-0"	502239	457705	"2013-04-09T03:27:54Z"	"R"	"5-10"	"R"	"Sac Fly"	"Andrew McCutchen"	"Trevor Cahill"
"In play, run(s)"	346	"X"	"130408_202915"	91.6	84.7	3.54	1.5	-8.07	1.85	0.751	2.735	10.465	-133.928	-3.311	-14.709	28.028	-28.733	23.8	23.3	7.1	"SI"	0	12	52	256.833	1636.38	"top"	5	41	"gid_2013_04_08_pitmlb_arimlb_1"	"1-1"	502239	457705	"2013-04-09T03:27:54Z"	"R"	"5-10"	"R"	"Sac Fly"	"Andrew McCutchen"	"Trevor Cahill"
"Foul"	493	"S"	"130408_211133"	85.5	79.2	3.54	1.5	-0.4	11.82	0.574	2.54	2.563	-125.11	-8.434	-0.643	24.162	-13.278	23.8	0.7	3.8	"FF"	0.999	6	55	181.947	2192.458	"top"	8	59	"gid_2013_04_08_pitmlb_arimlb_1"	"0-0"	518567	457705	"2013-04-09T04:11:20Z"	"R"	"5-10"	"R"	"Pop Out"	"Andrew McCutchen"	"Josh Collmenter"
"Called Strike"	494	"S"	"130408_211151"	85.2	78.7	3.43	1.59	1.34	13.27	1.247	3.241	3.098	-124.702	-7.274	2.114	24.407	-11.147	23.8	-12.1	3.3	"FC"	0.925	12	63	174.261	2458.612	"top"	8	59	"gid_2013_04_08_pitmlb_arimlb_1"	"0-1"	518567	457705	"2013-04-09T04:11:20Z"	"R"	"5-10"	"R"	"Pop Out"	"Andrew McCutchen"	"Josh Collmenter"
"Ball"	495	"B"	"130408_211210"	86.3	79	3.54	1.5	1.39	10.72	0.945	4.847	2.616	-126.46	-3.023	2.232	27.449	-14.861	23.8	-10.2	4	"FC"	0.921	12	45	172.656	2002.63	"top"	8	59	"gid_2013_04_08_pitmlb_arimlb_1"	"0-2"	518567	457705	"2013-04-09T04:11:20Z"	"R"	"5-10"	"R"	"Pop Out"	"Andrew McCutchen"	"Josh Collmenter"
"Foul"	496	"S"	"130408_211223"	86.7	79.2	3.54	1.5	-1.2	13.07	0.903	2.557	3.345	-126.793	-8.987	-1.935	28.63	-11.066	23.7	5.3	3.3	"FF"	1	12	46	185.236	2425.332	"top"	8	59	"gid_2013_04_08_pitmlb_arimlb_1"	"1-2"	518567	457705	"2013-04-09T04:11:20Z"	"R"	"5-10"	"R"	"Pop Out"	"Andrew McCutchen"	"Josh Collmenter"
"Ball"	497	"B"	"130408_211243"	86.2	79.7	3.54	1.5	-0.74	12.11	0.576	4.645	2.486	-126.282	-4.188	-1.204	24.23	-12.426	23.8	3.2	3.3	"FF"	1	12	39	183.487	2272.948	"top"	8	59	"gid_2013_04_08_pitmlb_arimlb_1"	"1-2"	518567	457705	"2013-04-09T04:11:20Z"	"R"	"5-10"	"R"	"Pop Out"	"Andrew McCutchen"	"Josh Collmenter"
"Ball"	498	"B"	"130408_211257"	76.4	71.6	3.54	1.5	-1.48	9.16	1.211	0.661	3.916	-111.631	-9.632	-1.879	18.388	-20.435	23.9	3.5	7	"CH"	0.901	14	44	189.092	1545.048	"top"	8	59	"gid_2013_04_08_pitmlb_arimlb_1"	"2-2"	518567	457705	"2013-04-09T04:11:20Z"	"R"	"5-10"	"R"	"Pop Out"	"Andrew McCutchen"	"Josh Collmenter"
"In play, out(s)"	499	"X"	"130408_211320"	77.1	72	3.54	1.5	-3.56	8.32	0.208	2.649	2.279	-112.923	-5.346	-4.644	18.816	-21.261	23.9	11	7	"CH"	0.902	5	25	203.051	1523.721	"top"	8	59	"gid_2013_04_08_pitmlb_arimlb_1"	"3-2"	518567	457705	"2013-04-09T04:11:20Z"	"R"	"5-10"	"R"	"Pop Out"	"Andrew McCutchen"	"Josh Collmenter"
"Called Strike"	21	"S"	"130409_184635"	91.8	85.9	3.41	1.57	0.32	5.32	0.376	2.984	5.073	-134.374	-5.367	0.597	24.533	-22.205	23.9	-3.6	5	"FC"	2	3	54	176.575	1078.241	"top"	1	3	"gid_2013_04_09_pitmlb_arimlb_1"	"0-0"	435221	457705	"2013-04-10T01:46:04Z"	"R"	"5-10"	"R"	"Flyout"	"Andrew McCutchen"	"Brandon McCarthy"
"In play, out(s)"	22	"X"	"130409_184659"	90.6	84.4	3.39	1.5	-0.54	5.41	0.269	2.659	4.867	-132.661	-6.02	-0.965	25.867	-22.376	23.9	0.2	5.3	"FC"	2	6	29	185.623	1076.695	"top"	1	3	"gid_2013_04_09_pitmlb_arimlb_1"	"0-1"	435221	457705	"2013-04-10T01:46:04Z"	"R"	"5-10"	"R"	"Flyout"	"Andrew McCutchen"	"Brandon McCarthy"
"Ball"	187	"B"	"130409_193045"	81.1	76.7	3.39	1.62	4.56	-1.54	1.442	0.973	5.148	-118.653	-6.019	6.602	19.566	-34.33	24	-11.6	10	"CU"	2	14	68	71.914	849.187	"top"	3	24	"gid_2013_04_09_pitmlb_arimlb_1"	"0-0"	435221	457705	"2013-04-10T02:30:35Z"	"R"	"5-10"	"R"	"Single"	"Andrew McCutchen"	"Brandon McCarthy"
"Called Strike"	188	"S"	"130409_193103"	77.1	71.8	3.39	1.5	6.6	-6.34	-0.95	3.357	-0.337	-113.081	1.036	8.555	20.523	-40.312	23.9	-11.9	12.8	"CU"	2	11	54	46.43	1514.842	"top"	3	24	"gid_2013_04_09_pitmlb_arimlb_1"	"1-0"	435221	457705	"2013-04-10T02:30:35Z"	"R"	"5-10"	"R"	"Single"	"Andrew McCutchen"	"Brandon McCarthy"
"In play, no out"	189	"X"	"130409_193120"	79.7	74.3	3.39	1.5	7.29	-2.16	0.268	1.663	2.103	-116.781	-3.909	10.049	22.397	-35.074	23.9	-16.1	10.9	"CU"	2	9	31	73.902	1299.342	"top"	3	24	"gid_2013_04_09_pitmlb_arimlb_1"	"1-1"	435221	457705	"2013-04-10T02:30:35Z"	"R"	"5-10"	"R"	"Single"	"Andrew McCutchen"	"Brandon McCarthy"
"Ball"	283	"B"	"130409_195657"	89.9	84.1	3.49	1.57	-5.81	7.47	-0.579	1.829	4.308	-131.532	-8.508	-10.329	24.087	-18.826	23.9	25.3	5.1	"SI"	2	7	64	217.732	1861.592	"top"	4	36	"gid_2013_04_09_pitmlb_arimlb_1"	"0-0"	435221	457705	"2013-04-10T02:56:45Z"	"R"	"5-10"	"R"	"Groundout"	"Andrew McCutchen"	"Brandon McCarthy"
"Ball"	284	"B"	"130409_195719"	81.9	76	3.39	1.5	7.27	-2.46	0.852	3.252	3.257	-120.067	-0.652	10.593	23.501	-35.684	23.8	-17.3	10.4	"CU"	2	12	52	71.667	1348.4	"top"	4	36	"gid_2013_04_09_pitmlb_arimlb_1"	"1-0"	435221	457705	"2013-04-10T02:56:45Z"	"R"	"5-10"	"R"	"Groundout"	"Andrew McCutchen"	"Brandon McCarthy"
"Called Strike"	285	"S"	"130409_195741"	91	84.4	3.39	1.62	-3.18	7.88	0.695	2.097	6.342	-133.08	-8.114	-5.729	27.212	-17.893	23.8	13	4.5	"FC"	2	9	47	201.857	1677.457	"top"	4	36	"gid_2013_04_09_pitmlb_arimlb_1"	"2-0"	435221	457705	"2013-04-10T02:56:45Z"	"R"	"5-10"	"R"	"Groundout"	"Andrew McCutchen"	"Brandon McCarthy"
"Called Strike"	286	"S"	"130409_195803"	90.9	83.9	3.39	1.62	-3.27	8.24	0.731	2.166	6.433	-132.984	-8.089	-5.859	28.546	-17.351	23.8	13.4	4.4	"FC"	2	14	47	201.566	1738.849	"top"	4	36	"gid_2013_04_09_pitmlb_arimlb_1"	"2-1"	435221	457705	"2013-04-10T02:56:45Z"	"R"	"5-10"	"R"	"Groundout"	"Andrew McCutchen"	"Brandon McCarthy"
"Foul"	287	"S"	"130409_195827"	92.6	85.1	3.39	1.5	-8.41	11.48	-0.22	4.003	6.052	-135.634	-4.923	-15.651	29.777	-10.725	23.8	50.6	4	"SI"	2	11	15	216.116	2840.092	"top"	4	36	"gid_2013_04_09_pitmlb_arimlb_1"	"2-2"	435221	457705	"2013-04-10T02:56:45Z"	"R"	"5-10"	"R"	"Groundout"	"Andrew McCutchen"	"Brandon McCarthy"
"Ball"	288	"B"	"130409_195858"	93	85.3	3.39	1.57	-10.88	6.75	0.57	4.055	8.592	-136.02	-3.299	-20.332	30.589	-19.489	23.8	42.4	5.9	"SI"	2	12	44	238.04	2556.046	"top"	4	36	"gid_2013_04_09_pitmlb_arimlb_1"	"2-2"	435221	457705	"2013-04-10T02:56:45Z"	"R"	"5-10"	"R"	"Groundout"	"Andrew McCutchen"	"Brandon McCarthy"
"In play, out(s)"	289	"X"	"130409_195922"	80.7	75.6	3.39	1.5	7.01	-2.41	0.52	1.429	2.611	-118.292	-4.477	9.962	21.901	-35.53	23.9	-15.9	10.7	"CU"	2	14	45	71.382	1289.247	"top"	4	36	"gid_2013_04_09_pitmlb_arimlb_1"	"3-2"	435221	457705	"2013-04-10T02:56:45Z"	"R"	"5-10"	"R"	"Groundout"	"Andrew McCutchen"	"Brandon McCarthy"
"Called Strike"	440	"S"	"130409_204439"	87.6	80.8	3.53	1.57	-0.17	7.85	0.314	2.402	5.167	-128.25	-6.507	-0.283	27.128	-19.051	23.8	-2.1	5	"FC"	2	6	46	181.234	1484.838	"top"	7	56	"gid_2013_04_09_pitmlb_arimlb_1"	"0-0"	435221	457705	"2013-04-10T03:44:29Z"	"R"	"5-10"	"R"	"Groundout"	"Andrew McCutchen"	"Brandon McCarthy"
"Ball"	441	"B"	"130409_204453"	87.5	79.9	3.49	1.57	-0.3	9.31	0.377	3.954	4.676	-128.152	-3.776	-0.495	28.936	-16.774	23.7	-1.7	4.4	"FC"	2	12	29	181.839	1744.302	"top"	7	56	"gid_2013_04_09_pitmlb_arimlb_1"	"0-1"	435221	457705	"2013-04-10T03:44:29Z"	"R"	"5-10"	"R"	"Groundout"	"Andrew McCutchen"	"Brandon McCarthy"
"Ball"	442	"B"	"130409_204507"	84	77.6	3.39	1.62	-12.12	6.16	-0.102	1.367	7.241	-122.762	-7.703	-18.449	24.829	-22.728	23.8	35.2	7.9	"FS"	2	13	31	242.887	2449.439	"top"	7	56	"gid_2013_04_09_pitmlb_arimlb_1"	"1-1"	435221	457705	"2013-04-10T03:44:29Z"	"R"	"5-10"	"R"	"Groundout"	"Andrew McCutchen"	"Brandon McCarthy"
"Ball"	443	"B"	"130409_204522"	78	71.6	3.39	1.62	12.43	-2.98	1.371	1.197	2.943	-114.295	-4.316	16.019	26.144	-35.938	23.8	-24.1	12.8	"CU"	2	14	15	76.777	2088.719	"top"	7	56	"gid_2013_04_09_pitmlb_arimlb_1"	"2-1"	435221	457705	"2013-04-10T03:44:29Z"	"R"	"5-10"	"R"	"Groundout"	"Andrew McCutchen"	"Brandon McCarthy"
"Foul"	444	"S"	"130409_204538"	88.8	81.2	3.39	1.5	-0.39	10.82	0.76	2.946	5.508	-129.923	-6.519	-0.664	29.551	-13.771	23.7	-2	3.7	"FC"	2	12	50	182.065	2056.304	"top"	7	56	"gid_2013_04_09_pitmlb_arimlb_1"	"3-1"	435221	457705	"2013-04-10T03:44:29Z"	"R"	"5-10"	"R"	"Groundout"	"Andrew McCutchen"	"Brandon McCarthy"
"In play, out(s)"	445	"X"	"130409_204605"	89.5	82.9	3.39	1.5	0.92	6.72	0.938	2.374	5.99	-130.983	-6.875	1.608	27.004	-20.402	23.8	-7.2	5.1	"FC"	2	14	47	172.224	1315.988	"top"	7	56	"gid_2013_04_09_pitmlb_arimlb_1"	"3-2"	435221	457705	"2013-04-10T03:44:29Z"	"R"	"5-10"	"R"	"Groundout"	"Andrew McCutchen"	"Brandon McCarthy"
"In play, out(s)"	594	"X"	"130409_213154"	93.4	85.7	3.39	1.5	-5.15	11.17	-0.319	2.566	7.755	-136.541	-7.422	-9.704	30.844	-11.077	23.8	32.1	3.2	"FF"	2	4	50	204.7	2467.372	"top"	9	74	"gid_2013_04_09_pitmlb_arimlb_1"	"0-0"	456696	457705	"2013-04-10T04:31:42Z"	"R"	"5-10"	"R"	"Pop Out"	"Andrew McCutchen"	"David Hernandez"
"Ball"	12	"B"	"130410_124223"	89.6	83.8	3.47	1.55	8.04	8.65	0.139	1.156	-7.027	-130.936	-9.624	14.177	23.707	-16.853	23.9	-35	5.2	"FT"	2	14	51	137.222	2312.848	"top"	1	3	"gid_2013_04_10_pitmlb_arimlb_1"	"0-0"	489119	457705	"2013-04-10T19:42:05Z"	"R"	"5-10"	"L"	"Lineout"	"Andrew McCutchen"	"Wade Miley"
"Ball In Dirt"	13	"B"	"130410_124240"	81.5	76.1	3.51	1.55	9.89	7.9	0.447	0.84	-6.47	-119.128	-8.017	14.35	20.743	-20.634	23.9	-31.2	7.2	"CH"	2	14	31	128.806	2242.583	"top"	1	3	"gid_2013_04_10_pitmlb_arimlb_1"	"1-0"	489119	457705	"2013-04-10T19:42:05Z"	"R"	"5-10"	"L"	"Lineout"	"Andrew McCutchen"	"Wade Miley"
"In play, out(s)"	14	"X"	"130410_124304"	90.7	83.6	3.52	1.5	10.09	9.13	0.925	2.209	-5.509	-132.732	-7.522	17.995	28.614	-15.824	23.8	-44.1	5.5	"FT"	2	14	62	132.259	2657.496	"top"	1	3	"gid_2013_04_10_pitmlb_arimlb_1"	"2-0"	489119	457705	"2013-04-10T19:42:05Z"	"R"	"5-10"	"L"	"Lineout"	"Andrew McCutchen"	"Wade Miley"
"Called Strike"	257	"S"	"130410_135054"	89.8	82.4	3.41	1.54	9.78	8.96	0.676	1.955	-5.832	-131.337	-7.777	16.988	29.282	-16.536	23.8	-40.8	5.6	"FT"	2	9	60	132.631	2550.559	"top"	4	31	"gid_2013_04_10_pitmlb_arimlb_1"	"0-0"	489119	457705	"2013-04-10T20:50:34Z"	"R"	"5-10"	"L"	"Walk"	"Andrew McCutchen"	"Wade Miley"
"Ball"	258	"B"	"130410_135107"	74.2	69	3.42	1.59	-2.93	-9.64	-0.282	0.978	-3.136	-108.73	-1.612	-3.463	21.521	-43.48	23.8	5.1	15.1	"CU"	2	13	18	342.972	1577.736	"top"	4	31	"gid_2013_04_10_pitmlb_arimlb_1"	"0-1"	489119	457705	"2013-04-10T20:50:34Z"	"R"	"5-10"	"L"	"Walk"	"Andrew McCutchen"	"Wade Miley"
"Ball"	259	"B"	"130410_135122"	81.3	74.6	3.51	1.59	11.47	7.9	0.149	0.875	-7.189	-118.861	-7.091	16.255	24.75	-20.896	23.8	-33.7	7.7	"CH"	2	14	20	124.754	2414.812	"top"	4	31	"gid_2013_04_10_pitmlb_arimlb_1"	"1-1"	489119	457705	"2013-04-10T20:50:34Z"	"R"	"5-10"	"L"	"Walk"	"Andrew McCutchen"	"Wade Miley"
"Ball"	260	"B"	"130410_135137"	83.1	76.8	3.43	1.55	11.27	5.46	1.53	2.554	-4.502	-121.76	-3.41	16.917	23.919	-23.902	23.8	-33.2	7.9	"CH"	2	12	17	116.058	2243.746	"top"	4	31	"gid_2013_04_10_pitmlb_arimlb_1"	"2-1"	489119	457705	"2013-04-10T20:50:34Z"	"R"	"5-10"	"L"	"Walk"	"Andrew McCutchen"	"Wade Miley"
"Ball"	261	"B"	"130410_135153"	92.4	84.9	3.51	1.63	8.73	7.69	1.348	2.666	-4.087	-135.386	-6.171	16.13	30.886	-17.903	23.8	-38.3	5.4	"FT"	2	12	29	131.502	2307.872	"top"	4	31	"gid_2013_04_10_pitmlb_arimlb_1"	"3-1"	489119	457705	"2013-04-10T20:50:34Z"	"R"	"5-10"	"L"	"Walk"	"Andrew McCutchen"	"Wade Miley"
"Ball"	441	"B"	"130410_143533"	90.1	84	3.44	1.6	9.51	10.14	0.3	0.947	-6.917	-131.472	-10.634	16.859	24.504	-14.115	23.9	-44.3	5.1	"FT"	2	14	38	136.969	2726.212	"top"	6	53	"gid_2013_04_10_pitmlb_arimlb_1"	"0-0"	489119	457705	"2013-04-10T21:35:16Z"	"R"	"5-10"	"L"	"Groundout"	"Andrew McCutchen"	"Wade Miley"
"Ball"	442	"B"	"130410_143545"	89.5	84.3	3.5	1.54	7.23	8.86	0.629	0.833	-5.245	-130.803	-10.337	12.815	21.771	-16.407	23.9	-33.6	4.9	"FT"	2	14	49	140.898	2253.545	"top"	6	53	"gid_2013_04_10_pitmlb_arimlb_1"	"1-0"	489119	457705	"2013-04-10T21:35:16Z"	"R"	"5-10"	"L"	"Groundout"	"Andrew McCutchen"	"Wade Miley"
"In play, out(s)"	443	"X"	"130410_143600"	89.1	83.2	3.52	1.5	6.5	9.06	0.555	2.708	-4.337	-130.508	-6.248	11.375	23.623	-16.241	23.9	-31.5	4.7	"FT"	2	6	49	144.477	2176.24	"top"	6	53	"gid_2013_04_10_pitmlb_arimlb_1"	"2-0"	489119	457705	"2013-04-10T21:35:16Z"	"R"	"5-10"	"L"	"Groundout"	"Andrew McCutchen"	"Wade Miley"
"Called Strike"	44	"S"	"130412_192128"	90.8	84.2	3.67	1.67	-7.91	3.63	0.45	1.75	7.09	-132.93	-4.95	-14.24	26.99	-25.56	23.8	25.9	6.6	"SI"	2	9	63	245.086	1713.593	"bottom"	1	6	"gid_2013_04_12_cinmlb_pitmlb_1"	"0-0"	502190	457705	"2013-04-12T23:20:48Z"	"R"	"5-10"	"R"	"Flyout"	"Andrew McCutchen"	"Mike Leake"
"Called Strike"	45	"S"	"130412_192208"	87.2	81.6	3.63	1.67	-1.37	0.8	0.21	1.85	4.47	-127.7	-3.37	-2.29	23.09	-30.77	23.9	2.9	7.6	"FC"	2	8	35	238.487	305.168	"bottom"	1	6	"gid_2013_04_12_cinmlb_pitmlb_1"	"0-1"	502190	457705	"2013-04-12T23:20:48Z"	"R"	"5-10"	"R"	"Flyout"	"Andrew McCutchen"	"Mike Leake"
"Ball"	46	"B"	"130412_192236"	80.8	75.9	3.61	1.65	4.55	-2.3	1.49	1.06	5.02	-118.41	-3.21	6.52	20.82	-35.39	23.9	-11.4	10.3	"SL"	2	14	19	63.745	890.736	"bottom"	1	6	"gid_2013_04_12_cinmlb_pitmlb_1"	"0-2"	502190	457705	"2013-04-12T23:20:48Z"	"R"	"5-10"	"R"	"Flyout"	"Andrew McCutchen"	"Mike Leake"
"In play, out(s)"	47	"X"	"130412_192309"	91.7	85.8	3.47	1.5	-4.01	4.59	0.17	3.13	5.4	-134.29	-2.23	-7.45	24.14	-23.56	23.9	15.2	5.4	"FF"	2	2	34	220.855	1230.366	"bottom"	1	6	"gid_2013_04_12_cinmlb_pitmlb_1"	"1-2"	502190	457705	"2013-04-12T23:20:48Z"	"R"	"5-10"	"R"	"Flyout"	"Andrew McCutchen"	"Mike Leake"
"Foul"	171	"S"	"130412_195637"	79.9	74.8	3.47	1.5	8.18	-0.65	-0.29	2.42	0.09	-117.12	-0.51	11.48	19.91	-33.01	23.9	-19.1	10.1	"SL"	2	4	56	85.835	1425.81	"bottom"	2	21	"gid_2013_04_12_cinmlb_pitmlb_1"	"0-0"	502190	457705	"2013-04-12T23:56:11Z"	"R"	"5-10"	"R"	"Single"	"Andrew McCutchen"	"Mike Leake"
"In play, run(s)"	172	"X"	"130412_195703"	90.7	84.9	3.47	1.5	-5.95	4.16	-1.09	2.48	2.84	-132.97	-3.24	-10.83	24.05	-24.53	23.9	22.4	6	"SI"	2	13	52	234.784	1446.301	"bottom"	2	21	"gid_2013_04_12_cinmlb_pitmlb_1"	"0-1"	502190	457705	"2013-04-12T23:56:11Z"	"R"	"5-10"	"R"	"Single"	"Andrew McCutchen"	"Mike Leake"
"Ball"	308	"B"	"130412_203352"	88.3	81.8	3.7	1.61	-8.02	2.58	1.53	1.54	10.08	-129.08	-3.96	-13.6	25.65	-27.72	23.8	22.4	7.4	"SI"	2	14	50	251.866	1608.445	"bottom"	4	39	"gid_2013_04_12_cinmlb_pitmlb_1"	"0-0"	502190	457705	"2013-04-13T00:33:27Z"	"R"	"5-10"	"R"	"Flyout"	"Andrew McCutchen"	"Mike Leake"
"Called Strike"	309	"S"	"130412_203412"	83.8	77.8	3.7	1.69	-6.91	5.67	-0.29	1.58	5.04	-122.75	-4.38	-10.59	23.08	-23.41	23.8	21.8	6.9	"CH"	2	13	43	230.389	1624.654	"bottom"	4	39	"gid_2013_04_12_cinmlb_pitmlb_1"	"1-0"	502190	457705	"2013-04-13T00:33:27Z"	"R"	"5-10"	"R"	"Flyout"	"Andrew McCutchen"	"Mike Leake"
"In play, out(s)"	310	"X"	"130412_203434"	79.2	73.3	3.47	1.5	7.3	-2.47	-0.82	2.62	-0.32	-116.12	0.87	9.94	22.34	-35.46	23.8	-15.6	10.9	"SL"	2	11	45	71.707	1307.986	"bottom"	4	39	"gid_2013_04_12_cinmlb_pitmlb_1"	"1-1"	502190	457705	"2013-04-13T00:33:27Z"	"R"	"5-10"	"R"	"Flyout"	"Andrew McCutchen"	"Mike Leake"
"Foul"	510	"S"	"130412_213605"	92.1	85.1	3.47	1.5	-4.81	8.17	0.55	2.74	7.74	-134.8	-4.64	-8.89	27.99	-16.99	23.8	22.2	4.2	"FF"	2	6	58	210.347	1893.664	"bottom"	7	62	"gid_2013_04_12_cinmlb_pitmlb_1"	"0-0"	543331	457705	"2013-04-13T01:36:06Z"	"R"	"5-10"	"R"	"Home Run"	"Andrew McCutchen"	"J.J. Hoover"
"Called Strike"	511	"S"	"130412_213626"	79.4	74.6	3.61	1.61	3.88	-4.63	0.22	2.61	3.84	-116.33	1.16	5.39	18.95	-38.54	23.9	-8.8	11.3	"SL"	2	5	20	40.253	1040.271	"bottom"	7	62	"gid_2013_04_12_cinmlb_pitmlb_1"	"0-1"	543331	457705	"2013-04-13T01:36:06Z"	"R"	"5-10"	"R"	"Home Run"	"Andrew McCutchen"	"J.J. Hoover"
"Ball"	512	"B"	"130412_213643"	79.7	75.4	3.66	1.61	3.44	-3.11	2.14	1.53	7.84	-116.58	-1.64	4.83	18.19	-36.46	24	-9	10.7	"SL"	2	14	31	48.414	803.599	"bottom"	7	62	"gid_2013_04_12_cinmlb_pitmlb_1"	"0-2"	543331	457705	"2013-04-13T01:36:06Z"	"R"	"5-10"	"R"	"Home Run"	"Andrew McCutchen"	"J.J. Hoover"
"Foul"	513	"S"	"130412_213700"	76.6	72	3.47	1.5	6.67	-9.03	-0.65	2.64	0.92	-112.35	2.85	8.61	18.4	-43.76	23.9	-11.4	13.8	"CU"	2	4	33	36.616	1863.992	"bottom"	7	62	"gid_2013_04_12_cinmlb_pitmlb_1"	"1-2"	543331	457705	"2013-04-13T01:36:06Z"	"R"	"5-10"	"R"	"Home Run"	"Andrew McCutchen"	"J.J. Hoover"
"Foul"	514	"S"	"130412_213729"	92	84.5	3.47	1.5	-4.09	6.69	-0.26	3.25	5.22	-134.75	-2.7	-7.5	29.82	-19.82	23.8	17.4	4.7	"FF"	2	1	38	211.26	1556.012	"bottom"	7	62	"gid_2013_04_12_cinmlb_pitmlb_1"	"1-2"	543331	457705	"2013-04-13T01:36:06Z"	"R"	"5-10"	"R"	"Home Run"	"Andrew McCutchen"	"J.J. Hoover"
"In play, run(s)"	515	"X"	"130412_213758"	77.6	72.2	3.47	1.5	7.54	-4.25	0.03	1.64	2.26	-113.84	-0.79	9.86	21.61	-37.65	23.8	-15.1	12.1	"SL"	2	8	29	60.953	1437.346	"bottom"	7	62	"gid_2013_04_12_cinmlb_pitmlb_1"	"1-2"	543331	457705	"2013-04-13T01:36:06Z"	"R"	"5-10"	"R"	"Home Run"	"Andrew McCutchen"	"J.J. Hoover"
"Ball"	55	"B"	"130413_192511"	91.5	83.8	3.71	1.74	-4.53	8.47	1.159	3.197	9.988	-133.822	-3.591	-8.175	30.262	-16.825	23.8	18.7	4.2	"FF"	2	12	71	208.039	1885.305	"bottom"	1	7	"gid_2013_04_13_cinmlb_pitmlb_1"	"0-0"	456501	457705	"2013-04-13T23:24:43Z"	"R"	"5-10"	"R"	"Grounded Into DP"	"Andrew McCutchen"	"Johnny Cueto"
"In play, out(s)"	56	"X"	"130413_192557"	91.2	83.3	3.47	1.5	-5.49	8.67	0.198	2.941	8.126	-133.437	-4.108	-9.82	30.929	-16.601	23.7	24.5	4.4	"FF"	2	2	34	212.233	2001.678	"bottom"	1	7	"gid_2013_04_13_cinmlb_pitmlb_1"	"1-0"	456501	457705	"2013-04-13T23:24:43Z"	"R"	"5-10"	"R"	"Grounded Into DP"	"Andrew McCutchen"	"Johnny Cueto"
"Ball"	211	"B"	"130413_201335"	94.7	87.4	3.58	1.65	-6.28	6.52	1	2.751	11.114	-138.346	-4.269	-12.225	29.604	-19.413	23.8	26	4.7	"FF"	2	12	67	223.77	1853.179	"bottom"	4	29	"gid_2013_04_13_cinmlb_pitmlb_1"	"0-0"	456501	457705	"2013-04-14T00:13:07Z"	"R"	"5-10"	"R"	"Walk"	"Andrew McCutchen"	"Johnny Cueto"
"Ball"	212	"B"	"130413_201352"	94.9	87.1	3.58	1.65	-8.72	4.28	-1.841	2.683	4.058	-139.071	-3.598	-16.98	32.694	-23.768	23.8	33.1	6.1	"FT"	2	11	25	243.662	1976.521	"bottom"	4	29	"gid_2013_04_13_cinmlb_pitmlb_1"	"1-0"	456501	457705	"2013-04-14T00:13:07Z"	"R"	"5-10"	"R"	"Walk"	"Andrew McCutchen"	"Johnny Cueto"
"Called Strike"	213	"S"	"130413_201411"	93.9	86.2	3.62	1.7	-5.51	7.75	-0.338	2.291	7.146	-137.355	-5.546	-10.503	31.194	-17.332	23.8	25.7	4.4	"FF"	2	7	39	215.284	1920.471	"bottom"	4	29	"gid_2013_04_13_cinmlb_pitmlb_1"	"2-0"	456501	457705	"2013-04-14T00:13:07Z"	"R"	"5-10"	"R"	"Walk"	"Andrew McCutchen"	"Johnny Cueto"
"Ball"	214	"B"	"130413_201427"	90.4	83.8	3.53	1.65	-0.3	5.99	1.465	3.107	9.361	-132.185	-2.577	-0.53	26.39	-21.434	23.8	-3.3	5	"FC"	2	12	31	182.823	1180.192	"bottom"	4	29	"gid_2013_04_13_cinmlb_pitmlb_1"	"2-1"	456501	457705	"2013-04-14T00:13:07Z"	"R"	"5-10"	"R"	"Walk"	"Andrew McCutchen"	"Johnny Cueto"
"Foul"	215	"S"	"130413_201448"	86.8	81.1	3.47	1.5	2.25	1.51	0.502	1.98	6.499	-127.114	-3.222	3.71	23.686	-29.612	23.9	-9	7.5	"FC"	2	9	41	124.628	514.583	"bottom"	4	29	"gid_2013_04_13_cinmlb_pitmlb_1"	"3-1"	456501	457705	"2013-04-14T00:13:07Z"	"R"	"5-10"	"R"	"Walk"	"Andrew McCutchen"	"Johnny Cueto"
"Foul"	216	"S"	"130413_201523"	87.4	81.7	3.47	1.5	2.95	2.55	0.256	2.279	5.664	-128.044	-2.969	4.948	23.587	-27.822	23.9	-11.7	7	"FC"	2	6	28	131.334	746.622	"bottom"	4	29	"gid_2013_04_13_cinmlb_pitmlb_1"	"3-2"	456501	457705	"2013-04-14T00:13:07Z"	"R"	"5-10"	"R"	"Walk"	"Andrew McCutchen"	"Johnny Cueto"
"Foul"	217	"S"	"130413_201550"	94.7	87.5	3.47	1.5	-4.3	7.2	0.534	3.13	9.525	-138.546	-3.206	-8.395	29.597	-18.039	23.8	18.9	4.1	"FF"	2	3	45	210.705	1721.514	"bottom"	4	29	"gid_2013_04_13_cinmlb_pitmlb_1"	"3-2"	456501	457705	"2013-04-14T00:13:07Z"	"R"	"5-10"	"R"	"Walk"	"Andrew McCutchen"	"Johnny Cueto"
"Ball"	218	"B"	"130413_201619"	85	78.1	3.47	1.57	-8.6	-0.76	-0.739	0.869	6.898	-124.344	-4.122	-13.322	27.52	-33.272	23.8	19.3	9.5	"CH"	2	13	42	274.712	1559.613	"bottom"	4	29	"gid_2013_04_13_cinmlb_pitmlb_1"	"3-2"	456501	457705	"2013-04-14T00:13:07Z"	"R"	"5-10"	"R"	"Walk"	"Andrew McCutchen"	"Johnny Cueto"
"Ball"	382	"B"	"130413_210738"	92.1	84.6	3.58	1.66	-3.69	9.11	-0.833	4.172	5.075	-134.959	-2.792	-6.806	29.729	-15.323	23.8	19.7	3.7	"FF"	2	11	63	201.992	1953.62	"bottom"	6	49	"gid_2013_04_13_cinmlb_pitmlb_1"	"0-0"	430580	457705	"2013-04-14T01:07:08Z"	"R"	"5-10"	"R"	"Groundout"	"Andrew McCutchen"	"Alfredo Simon"
"Ball"	383	"B"	"130413_210753"	93.9	86.8	3.67	1.7	-5.4	10.55	1.529	0.645	11.173	-136.703	-12.098	-10.264	28.765	-12.041	23.8	28.9	3.5	"FF"	0.765	14	25	207.012	2398.29	"bottom"	6	49	"gid_2013_04_13_cinmlb_pitmlb_1"	"1-0"	430580	457705	"2013-04-14T01:07:08Z"	"R"	"5-10"	"R"	"Groundout"	"Andrew McCutchen"	"Alfredo Simon"
"Called Strike"	384	"S"	"130413_210815"	89	82.5	3.63	1.62	0.41	5.78	0.033	2.525	6.128	-130.221	-5.409	0.711	26.25	-22.127	23.8	-4.6	5.5	"FC"	0.833	5	24	175.954	1122.128	"bottom"	6	49	"gid_2013_04_13_cinmlb_pitmlb_1"	"2-0"	430580	457705	"2013-04-14T01:07:08Z"	"R"	"5-10"	"R"	"Groundout"	"Andrew McCutchen"	"Alfredo Simon"
"In play, out(s)"	385	"X"	"130413_210831"	93.7	86	3.47	1.5	-4.67	7.5	0.501	2.571	8.894	-136.965	-6.327	-8.836	31.352	-17.913	23.8	19.6	4.4	"FF"	0.923	6	34	211.781	1777.027	"bottom"	6	49	"gid_2013_04_13_cinmlb_pitmlb_1"	"2-1"	430580	457705	"2013-04-14T01:07:08Z"	"R"	"5-10"	"R"	"Groundout"	"Andrew McCutchen"	"Alfredo Simon"
"Ball"	540	"B"	"130413_220209"	91.5	84.2	3.63	1.66	-4.18	9.15	1.475	3.238	8.825	-133.834	-4.217	-7.582	28.763	-15.502	23.8	19.3	3.9	"FF"	2	12	45	204.453	1985.385	"bottom"	8	66	"gid_2013_04_13_cinmlb_pitmlb_1"	"0-0"	543331	457705	"2013-04-14T02:01:35Z"	"R"	"5-10"	"R"	"Flyout"	"Andrew McCutchen"	"J.J. Hoover"
"In play, out(s)"	541	"X"	"130413_220226"	90.9	83.4	3.47	1.5	-4.45	10.07	0.372	2.21	6.459	-132.999	-6.517	-7.934	29.533	-14.128	23.8	22.8	3.8	"FF"	2	6	36	203.731	2150.349	"bottom"	8	66	"gid_2013_04_13_cinmlb_pitmlb_1"	"1-0"	543331	457705	"2013-04-14T02:01:35Z"	"R"	"5-10"	"R"	"Flyout"	"Andrew McCutchen"	"J.J. Hoover"
"Ball"	66	"B"	"130414_135316"	91.1	83.9	3.49	1.5	1.39	10.4	0.872	2.728	1.813	-133.288	-8.687	2.494	28.963	-13.404	23.8	-10.6	3.5	"FC"	2	12	66	172.433	2060.989	"bottom"	1	9	"gid_2013_04_14_cinmlb_pitmlb_1"	"0-0"	502009	457705	"2013-04-14T17:52:42Z"	"R"	"5-10"	"R"	"Strikeout"	"Andrew McCutchen"	"Mat Latos"
"Called Strike"	70	"S"	"130414_135348"	92.4	85.9	3.49	1.5	3.48	10.6	0.515	2.437	-0.395	-135.123	-9.557	6.503	26.79	-12.315	23.8	-24.4	3.4	"FC"	2	6	35	161.87	2243.619	"bottom"	1	9	"gid_2013_04_14_cinmlb_pitmlb_1"	"1-0"	502009	457705	"2013-04-14T17:52:42Z"	"R"	"5-10"	"R"	"Strikeout"	"Andrew McCutchen"	"Mat Latos"
"Foul"	71	"S"	"130414_135405"	93.1	86.1	3.49	1.5	0.54	11.21	1.036	2.861	2.804	-136.261	-9.052	1.015	28.682	-10.934	23.8	-7	2.8	"FF"	2	12	51	177.266	2264.021	"bottom"	1	9	"gid_2013_04_14_cinmlb_pitmlb_1"	"1-1"	502009	457705	"2013-04-14T17:52:42Z"	"R"	"5-10"	"R"	"Strikeout"	"Andrew McCutchen"	"Mat Latos"
"Foul"	72	"S"	"130414_135433"	87.9	82.1	3.49	1.5	3.91	2.8	0.764	3.309	1.368	-128.901	-3.888	6.648	24.276	-27.345	23.9	-13.8	6.9	"SL"	2	12	53	125.995	924.797	"bottom"	1	9	"gid_2013_04_14_cinmlb_pitmlb_1"	"1-2"	502009	457705	"2013-04-14T17:52:42Z"	"R"	"5-10"	"R"	"Strikeout"	"Andrew McCutchen"	"Mat Latos"
"Swinging Strike"	73	"S"	"130414_135456"	78.6	72.5	3.49	1.5	5.29	-7.88	0.358	1.249	-0.119	-115.269	-3.482	6.97	25.539	-42.477	23.8	-9.1	13.5	"CU"	2	14	39	34.077	1565.6	"bottom"	1	9	"gid_2013_04_14_cinmlb_pitmlb_1"	"1-2"	502009	457705	"2013-04-14T17:52:42Z"	"R"	"5-10"	"R"	"Strikeout"	"Andrew McCutchen"	"Mat Latos"
"Called Strike"	242	"S"	"130414_144700"	91.1	84	3.49	1.5	0.82	12.75	0.401	1.975	0.754	-133.166	-11.109	1.479	28.557	-9.198	23.8	-8.1	2.6	"FC"	2	9	55	176.319	2508.31	"bottom"	4	31	"gid_2013_04_14_cinmlb_pitmlb_1"	"0-0"	502009	457705	"2013-04-14T18:46:51Z"	"R"	"5-10"	"R"	"Groundout"	"Andrew McCutchen"	"Mat Latos"
"Ball"	243	"B"	"130414_144716"	75.7	70.1	3.49	1.5	4.3	-8.29	0.349	0.954	0.124	-111.025	-3.355	5.255	23.62	-42.234	23.8	-7	14.3	"CU"	2	14	23	27.58	1483.101	"bottom"	4	31	"gid_2013_04_14_cinmlb_pitmlb_1"	"0-1"	502009	457705	"2013-04-14T18:46:51Z"	"R"	"5-10"	"R"	"Groundout"	"Andrew McCutchen"	"Mat Latos"
"In play, out(s)"	244	"X"	"130414_144736"	87.8	81.5	3.49	1.5	3.46	3.34	0.873	3.088	2.271	-128.688	-4.488	5.821	26.016	-26.482	23.8	-12.8	6.8	"SL"	2	12	51	134.359	917.836	"bottom"	4	31	"gid_2013_04_14_cinmlb_pitmlb_1"	"1-1"	502009	457705	"2013-04-14T18:46:51Z"	"R"	"5-10"	"R"	"Groundout"	"Andrew McCutchen"	"Mat Latos"
"Foul"	411	"S"	"130414_154210"	91.6	84.3	3.49	1.5	0.98	10.71	0.493	3.387	0.767	-134.224	-7.11	1.783	29.488	-12.592	23.8	-7.8	3.2	"FC"	2	3	65	174.799	2125.308	"bottom"	6	50	"gid_2013_04_14_cinmlb_pitmlb_1"	"0-0"	502009	457705	"2013-04-14T19:41:43Z"	"R"	"5-10"	"R"	"Pop Out"	"Andrew McCutchen"	"Mat Latos"
"Foul"	412	"S"	"130414_154234"	92.4	85.3	3.49	1.5	2.45	12.56	0.483	2.734	0.325	-135.148	-9.383	4.544	28.712	-8.804	23.8	-23.2	2.6	"FC"	2	6	37	168.999	2555.697	"bottom"	6	50	"gid_2013_04_14_cinmlb_pitmlb_1"	"0-1"	502009	457705	"2013-04-14T19:41:43Z"	"R"	"5-10"	"R"	"Pop Out"	"Andrew McCutchen"	"Mat Latos"
"In play, out(s)"	413	"X"	"130414_154300"	94.6	87.1	3.49	1.5	1.25	12.12	0.785	3.463	1.165	-138.491	-8.067	2.421	30.854	-8.548	23.8	-14.5	2.2	"FC"	2	12	60	174.151	2487.936	"bottom"	6	50	"gid_2013_04_14_cinmlb_pitmlb_1"	"0-2"	502009	457705	"2013-04-14T19:41:43Z"	"R"	"5-10"	"R"	"Pop Out"	"Andrew McCutchen"	"Mat Latos"
"Ball"	507	"B"	"130414_161656"	87.1	81.7	3.49	1.5	3.91	6.53	2.676	0.768	7.244	-127.031	-10.683	6.461	22.991	-21.296	23.9	-18.2	5.9	"FC"	0.958	14	41	149.293	1444.957	"bottom"	7	62	"gid_2013_04_14_cinmlb_pitmlb_1"	"0-0"	446185	457705	"2013-04-14T20:17:47Z"	"R"	"5-10"	"R"	"Double"	"Andrew McCutchen"	"Logan Ondrusek"
"In play, run(s)"	511	"X"	"130414_161732"	90.7	84.4	3.49	1.5	-0.74	10.57	-0.444	3.001	1.085	-132.839	-7.856	-1.339	25.552	-13.003	23.9	4.5	3.3	"FF"	0.956	1	41	183.994	2098.834	"bottom"	7	62	"gid_2013_04_14_cinmlb_pitmlb_1"	"1-0"	446185	457705	"2013-04-14T20:17:47Z"	"R"	"5-10"	"R"	"Double"	"Andrew McCutchen"	"Logan Ondrusek"
"In play, no out"	654	"X"	"130414_165959"	94.1	86	3.49	1.5	-2.76	9.4	-0.122	2.827	4.396	-137.839	-6.246	-5.257	33.342	-14.195	23.7	15.1	3.5	"FF"	0.903	2	45	196.297	1971.559	"bottom"	8	77	"gid_2013_04_14_cinmlb_pitmlb_1"	"0-0"	455009	457705	"2013-04-14T20:59:37Z"	"R"	"5-10"	"R"	"Single"	"Andrew McCutchen"	"Jonathan Broxton"
"Called Strike"	58	"S"	"130415_192123"	91	83.9	3.54	1.66	-5.36	8.82	-0.31	2.37	5.86	-133.18	-5.36	-9.65	28.17	-16.24	23.8	26	4.4	"FF"	2	4	50	211.199	2029.258	"bottom"	1	8	"gid_2013_04_15_slnmlb_pitmlb_1"	"0-0"	458681	457705	"2013-04-15T23:20:36Z"	"R"	"5-10"	"R"	"Strikeout"	"Andrew McCutchen"	"Lance Lynn"
"Foul"	59	"S"	"130415_192149"	90.6	84.2	3.5	1.5	-5.69	8.75	-0.32	3.31	5.9	-132.73	-3.21	-10.27	25.46	-16.32	23.8	28.4	4.3	"FF"	0.878	1	44	212.933	2064.71	"bottom"	1	8	"gid_2013_04_15_slnmlb_pitmlb_1"	"0-1"	458681	457705	"2013-04-15T23:20:36Z"	"R"	"5-10"	"R"	"Strikeout"	"Andrew McCutchen"	"Lance Lynn"
"Swinging Strike"	60	"S"	"130415_192230"	91.9	85.1	3.5	1.5	-4.3	8.96	0.56	2.32	7.02	-134.53	-6	-7.92	27.7	-15.6	23.8	21.2	4	"FF"	2	6	41	205.54	1980.938	"bottom"	1	8	"gid_2013_04_15_slnmlb_pitmlb_1"	"0-2"	458681	457705	"2013-04-15T23:20:36Z"	"R"	"5-10"	"R"	"Strikeout"	"Andrew McCutchen"	"Lance Lynn"
"In play, run(s)"	294	"X"	"130415_202202"	84.1	78.2	3.5	1.5	0.99	3.06	0.16	2.26	5.33	-123.27	-2.38	1.53	23.38	-27.37	23.8	-5	7.3	"SL"	2	5	54	162.336	593.372	"bottom"	3	34	"gid_2013_04_15_slnmlb_pitmlb_1"	"0-0"	458681	457705	"2013-04-16T00:21:27Z"	"R"	"5-10"	"R"	"Double"	"Andrew McCutchen"	"Lance Lynn"
"Ball"	402	"B"	"130415_205434"	90.7	83.8	3.47	1.59	-2.84	9.49	1.42	3.25	9.09	-132.62	-3.28	-5.09	27	-15.11	23.8	11.8	3.6	"FF"	0.68	12	48	196.608	1947.974	"bottom"	5	49	"gid_2013_04_15_slnmlb_pitmlb_1"	"0-0"	458681	457705	"2013-04-16T00:54:00Z"	"R"	"5-10"	"R"	"Groundout"	"Andrew McCutchen"	"Lance Lynn"
"Ball"	403	"B"	"130415_205451"	90.8	83.7	3.47	1.59	-3.92	8.05	1.49	3.11	9.27	-132.78	-2.64	-7.02	27.55	-17.67	23.8	15.8	4.3	"FF"	2	12	29	205.826	1760.6	"bottom"	5	49	"gid_2013_04_15_slnmlb_pitmlb_1"	"1-0"	458681	457705	"2013-04-16T00:54:00Z"	"R"	"5-10"	"R"	"Groundout"	"Andrew McCutchen"	"Lance Lynn"
"Swinging Strike"	404	"S"	"130415_205507"	91.3	84	3.5	1.5	-3.49	7.19	-0.2	2.76	5.45	-133.78	-3.09	-6.31	29.2	-19.08	23.8	14.6	4.6	"FF"	2	5	30	205.728	1576.264	"bottom"	5	49	"gid_2013_04_15_slnmlb_pitmlb_1"	"2-0"	458681	457705	"2013-04-16T00:54:00Z"	"R"	"5-10"	"R"	"Groundout"	"Andrew McCutchen"	"Lance Lynn"
"In play, out(s)"	405	"X"	"130415_205526"	90.9	83.3	3.5	1.5	-4.22	7.7	0.33	2.16	7.06	-133.12	-4.55	-7.52	30.24	-18.36	23.8	17.1	4.6	"FF"	2	9	36	208.561	1714.11	"bottom"	5	49	"gid_2013_04_15_slnmlb_pitmlb_1"	"2-1"	458681	457705	"2013-04-16T00:54:00Z"	"R"	"5-10"	"R"	"Groundout"	"Andrew McCutchen"	"Lance Lynn"
"Foul"	533	"S"	"130415_213616"	94.4	87.5	3.5	1.5	-8.93	2	-0.55	2.6	7.93	-138.15	-1.82	-17.39	28.63	-28.22	23.8	28.9	6.8	"SI"	2	4	52	257.19	1872.822	"bottom"	7	65	"gid_2013_04_15_slnmlb_pitmlb_1"	"0-0"	523260	457705	"2013-04-16T01:35:58Z"	"R"	"5-10"	"R"	"Groundout"	"Andrew McCutchen"	"Joe Kelly"
"Ball"	534	"B"	"130415_213636"	83.7	78.1	3.51	1.59	2.72	-0.35	0.76	0.79	6.4	-122.53	-4.57	4.15	23.37	-32.63	23.9	-8.8	9	"SL"	2	14	38	83.729	494.327	"bottom"	7	65	"gid_2013_04_15_slnmlb_pitmlb_1"	"0-1"	523260	457705	"2013-04-16T01:35:58Z"	"R"	"5-10"	"R"	"Groundout"	"Andrew McCutchen"	"Joe Kelly"
"In play, out(s)"	535	"X"	"130415_213651"	84.8	78.2	3.5	1.5	-10.12	2.54	-0.83	2.77	6.59	-124.21	-0.87	-15.8	25.08	-28.14	23.8	27.2	8.3	"CH"	2	11	47	255.677	1904.652	"bottom"	7	65	"gid_2013_04_15_slnmlb_pitmlb_1"	"1-1"	523260	457705	"2013-04-16T01:35:58Z"	"R"	"5-10"	"R"	"Groundout"	"Andrew McCutchen"	"Joe Kelly"
"Ball"	640	"B"	"130415_220529"	92.2	84.8	3.64	1.63	12.43	6.23	1.39	2.28	-4.84	-135.03	-5.02	22.86	30.37	-20.65	23.8	-45.1	6.8	"SI"	2	14	38	116.754	2750.548	"bottom"	8	78	"gid_2013_04_15_slnmlb_pitmlb_1"	"0-0"	519240	457705	"2013-04-16T02:04:54Z"	"R"	"5-10"	"L"	"Groundout"	"Andrew McCutchen"	"Marc Rzepczynski"
"Called Strike"	641	"S"	"130415_220549"	91.4	83.9	3.55	1.67	10.73	3.79	1.09	1.68	-4.39	-133.84	-5.36	19.33	30.88	-25.27	23.8	-34.7	7.3	"SI"	2	14	70	109.655	2224.945	"bottom"	8	78	"gid_2013_04_15_slnmlb_pitmlb_1"	"1-0"	519240	457705	"2013-04-16T02:04:54Z"	"R"	"5-10"	"L"	"Groundout"	"Andrew McCutchen"	"Marc Rzepczynski"
"Ball"	642	"B"	"130415_220612"	92.2	84.3	3.55	1.59	9.51	3.52	2.53	3.47	-0.89	-135.28	-1.27	17.43	32.51	-25.65	23.7	-33.5	6.9	"SI"	2	12	40	110.521	1995.893	"bottom"	8	78	"gid_2013_04_15_slnmlb_pitmlb_1"	"1-1"	519240	457705	"2013-04-16T02:04:54Z"	"R"	"5-10"	"L"	"Groundout"	"Andrew McCutchen"	"Marc Rzepczynski"
"Ball"	643	"B"	"130415_220632"	92.4	85	3.46	1.58	11.32	4.82	2.25	2.49	-1.85	-135.51	-4.28	20.93	31.19	-23.18	23.8	-40.3	7	"SI"	2	14	25	113.255	2438.914	"bottom"	8	78	"gid_2013_04_15_slnmlb_pitmlb_1"	"2-1"	519240	457705	"2013-04-16T02:04:54Z"	"R"	"5-10"	"L"	"Groundout"	"Andrew McCutchen"	"Marc Rzepczynski"
"Foul"	644	"S"	"130415_220655"	91.1	83.9	3.5	1.5	11.51	4.53	0.7	1.68	-6.11	-133.43	-5.44	20.68	29.66	-23.96	23.8	-37.6	7.2	"SI"	2	9	62	111.663	2419.409	"bottom"	8	78	"gid_2013_04_15_slnmlb_pitmlb_1"	"3-1"	519240	457705	"2013-04-16T02:04:54Z"	"R"	"5-10"	"L"	"Groundout"	"Andrew McCutchen"	"Marc Rzepczynski"
"In play, out(s)"	645	"X"	"130415_220725"	84.9	78.7	3.5	1.5	4.48	-1.64	0.26	2.11	-4.33	-124.45	-1.83	7.03	24.9	-34.68	23.8	-10.1	9.2	"SL"	2	9	28	70.38	870.039	"bottom"	8	78	"gid_2013_04_15_slnmlb_pitmlb_1"	"3-2"	519240	457705	"2013-04-16T02:04:54Z"	"R"	"5-10"	"L"	"Groundout"	"Andrew McCutchen"	"Marc Rzepczynski"
"Ball"	39	"B"	"130417_191850"	93.3	86.5	3.49	1.65	-5.74	8.29	0.397	1.401	6.692	-136.453	-7.882	-10.887	28.22	-16.361	23.8	28	4.3	"FF"	2	14	68	214.546	2041.191	"bottom"	1	6	"gid_2013_04_17_slnmlb_pitmlb_1"	"0-0"	571946	457705	"2013-04-17T23:18:28Z"	"R"	"5-10"	"R"	"Grounded Into DP"	"Andrew McCutchen"	"Shelby Miller"
"Swinging Strike"	40	"S"	"130417_191914"	78.7	73.3	3.49	1.5	6.02	-8.59	0.877	1.484	3.685	-115.331	0.374	8.083	22.048	-43.634	23.9	-11.2	13.4	"CU"	2	14	56	35.195	1764.092	"bottom"	1	6	"gid_2013_04_17_slnmlb_pitmlb_1"	"1-0"	571946	457705	"2013-04-17T23:18:28Z"	"R"	"5-10"	"R"	"Grounded Into DP"	"Andrew McCutchen"	"Shelby Miller"
"Swinging Strike"	42	"S"	"130417_192003"	92.1	85.4	3.49	1.5	-4.24	8.73	0.57	2.738	6.716	-134.853	-4.18	-7.88	26.949	-15.891	23.8	21.5	3.9	"FF"	2	6	39	205.823	1946.115	"bottom"	1	6	"gid_2013_04_17_slnmlb_pitmlb_1"	"1-1"	571946	457705	"2013-04-17T23:18:28Z"	"R"	"5-10"	"R"	"Grounded Into DP"	"Andrew McCutchen"	"Shelby Miller"
"In play, out(s)"	43	"X"	"130417_192033"	93.3	85.9	3.49	1.5	-4.25	7.89	0.904	2.576	7.398	-136.605	-4.293	-8.038	30.028	-17.188	23.8	19.6	4.1	"FF"	2	12	50	208.206	1806.038	"bottom"	1	6	"gid_2013_04_17_slnmlb_pitmlb_1"	"1-2"	571946	457705	"2013-04-17T23:18:28Z"	"R"	"5-10"	"R"	"Grounded Into DP"	"Andrew McCutchen"	"Shelby Miller"
"Called Strike"	154	"S"	"130417_195228"	79.4	74.1	3.45	1.61	6.84	-5.74	-0.785	2.065	-0.198	-116.472	0.447	9.426	21.126	-40.01	23.9	-13.2	12	"CU"	2	13	91	50.262	1526.832	"bottom"	3	21	"gid_2013_04_17_slnmlb_pitmlb_1"	"0-0"	571946	457705	"2013-04-17T23:52:09Z"	"R"	"5-10"	"R"	"Lineout"	"Andrew McCutchen"	"Shelby Miller"
"Swinging Strike"	155	"S"	"130417_195242"	80.1	74.6	3.49	1.5	6.73	-6.85	1.081	1.474	3.87	-117.417	-0.365	9.366	22.792	-41.638	23.9	-13.4	12.5	"CU"	2	14	55	44.701	1645.176	"bottom"	3	21	"gid_2013_04_17_slnmlb_pitmlb_1"	"0-1"	571946	457705	"2013-04-17T23:52:09Z"	"R"	"5-10"	"R"	"Lineout"	"Andrew McCutchen"	"Shelby Miller"
"Ball"	156	"B"	"130417_195300"	94.1	86.7	3.58	1.74	-7.99	8.13	2.26	2.618	12.188	-137.474	-4.407	-15.327	29.841	-16.502	23.8	36.1	4.6	"FF"	2	14	16	224.361	2313.349	"bottom"	3	21	"gid_2013_04_17_slnmlb_pitmlb_1"	"0-2"	571946	457705	"2013-04-17T23:52:09Z"	"R"	"5-10"	"R"	"Lineout"	"Andrew McCutchen"	"Shelby Miller"
"Ball"	157	"B"	"130417_195316"	95.5	88.1	3.54	1.66	-6.4	9.46	1.773	1.292	10.235	-139.485	-8.357	-12.633	30.707	-13.422	23.8	34.4	3.8	"FF"	2	14	38	213.966	2351.706	"bottom"	3	21	"gid_2013_04_17_slnmlb_pitmlb_1"	"1-2"	571946	457705	"2013-04-17T23:52:09Z"	"R"	"5-10"	"R"	"Lineout"	"Andrew McCutchen"	"Shelby Miller"
"Foul"	158	"S"	"130417_195336"	93.2	85.4	3.49	1.5	-5.58	8.56	-0.523	2.778	4.111	-136.603	-3.839	-10.495	31.522	-16.016	23.8	29.5	4.2	"FF"	2	4	42	213.003	2046.262	"bottom"	3	21	"gid_2013_04_17_slnmlb_pitmlb_1"	"2-2"	571946	457705	"2013-04-17T23:52:09Z"	"R"	"5-10"	"R"	"Lineout"	"Andrew McCutchen"	"Shelby Miller"
"Ball"	159	"B"	"130417_195359"	94.1	87	3.45	1.7	-6.79	7.31	1.785	2.893	10.809	-137.574	-3.441	-13.092	28.736	-18.001	23.8	30.2	4.5	"FF"	2	12	25	222.729	2034.686	"bottom"	3	21	"gid_2013_04_17_slnmlb_pitmlb_1"	"2-2"	571946	457705	"2013-04-17T23:52:09Z"	"R"	"5-10"	"R"	"Lineout"	"Andrew McCutchen"	"Shelby Miller"
"In play, out(s)"	160	"X"	"130417_195417"	80.9	75.9	3.49	1.5	4.65	-7.01	0.295	1.357	2.29	-118.671	-0.712	6.67	21.364	-42.164	23.9	-9.4	12.1	"CU"	2	14	38	33.729	1468.501	"bottom"	3	21	"gid_2013_04_17_slnmlb_pitmlb_1"	"3-2"	571946	457705	"2013-04-17T23:52:09Z"	"R"	"5-10"	"R"	"Lineout"	"Andrew McCutchen"	"Shelby Miller"
"Called Strike"	300	"S"	"130417_203827"	94.9	86.8	3.54	1.7	-6.75	8.65	0.848	2.226	7.757	-138.853	-5.307	-13.078	33.113	-15.321	23.7	34.2	4.2	"FF"	2	14	71	217.811	2228.847	"bottom"	6	40	"gid_2013_04_17_slnmlb_pitmlb_1"	"0-0"	571946	457705	"2013-04-18T00:37:45Z"	"R"	"5-10"	"R"	"Single"	"Andrew McCutchen"	"Shelby Miller"
"Foul Tip"	301	"S"	"130417_203841"	93.4	86	3.49	1.5	-5.29	6.74	-0.768	3.498	3.452	-136.966	-1.278	-10.061	29.881	-19.277	23.8	25.5	4.6	"FF"	2	11	62	217.957	1732.595	"bottom"	6	40	"gid_2013_04_17_slnmlb_pitmlb_1"	"0-1"	571946	457705	"2013-04-18T00:37:45Z"	"R"	"5-10"	"R"	"Single"	"Andrew McCutchen"	"Shelby Miller"
"In play, no out"	302	"X"	"130417_203901"	94.7	87.3	3.49	1.5	-4.64	8.39	0.816	2.959	6.692	-138.647	-3.241	-9.063	30.164	-15.722	23.8	24.9	3.8	"FF"	2	12	55	208.848	1965.44	"bottom"	6	40	"gid_2013_04_17_slnmlb_pitmlb_1"	"0-2"	571946	457705	"2013-04-18T00:37:45Z"	"R"	"5-10"	"R"	"Single"	"Andrew McCutchen"	"Shelby Miller"
"Ball"	438	"B"	"130417_212007"	87	81.4	3.54	1.66	4.99	-1.02	1.476	2.894	3.342	-127.508	-1.072	8.311	23.277	-33.798	23.9	-14.6	8.5	"SL"	2	12	50	78.943	963.507	"bottom"	8	56	"gid_2013_04_17_slnmlb_pitmlb_1"	"0-0"	572096	457705	"2013-04-18T01:19:35Z"	"R"	"5-10"	"R"	"Single"	"Andrew McCutchen"	"Trevor Rosenthal"
"In play, no out"	439	"X"	"130417_212016"	95.8	88.2	3.49	1.5	-1.83	7.79	0.261	2.418	3.776	-140.382	-6.016	-3.654	32.173	-16.582	23.8	8.9	3.7	"FF"	2	6	27	193.188	1655.017	"bottom"	8	56	"gid_2013_04_17_slnmlb_pitmlb_1"	"1-0"	572096	457705	"2013-04-18T01:19:35Z"	"R"	"5-10"	"R"	"Single"	"Andrew McCutchen"	"Trevor Rosenthal"
"In play, no out"	57	"X"	"130418_192244"	92.5	86.1	3.49	1.5	-2.71	5.16	0.618	1.744	9.501	-135.266	-4.605	-5.08	26.459	-22.439	23.9	8.1	5.1	"FF"	2	9	69	207.556	1177.728	"bottom"	1	8	"gid_2013_04_18_atlmlb_pitmlb_1"	"0-0"	527054	457705	"2013-04-18T23:21:57Z"	"R"	"5-10"	"R"	"Double"	"Andrew McCutchen"	"Julio Teheran"
"Ball"	190	"B"	"130418_200103"	90.8	83.8	3.57	1.65	-7.58	2.12	-1.298	2.855	5.567	-133.029	-0.681	-13.598	28.146	-28.29	23.8	23.7	7	"FT"	2	11	32	254.059	1542.273	"bottom"	3	26	"gid_2013_04_18_atlmlb_pitmlb_1"	"0-0"	527054	457705	"2013-04-19T00:00:32Z"	"R"	"5-10"	"R"	"Flyout"	"Andrew McCutchen"	"Julio Teheran"
"Ball"	191	"B"	"130418_200121"	78.8	72.8	3.53	1.69	8.49	-3.21	0.592	1.251	5.006	-115.496	-1.004	11.329	23.848	-36.387	23.8	-18.4	11.7	"SL"	2	14	38	69.601	1518.287	"bottom"	3	26	"gid_2013_04_18_atlmlb_pitmlb_1"	"1-0"	527054	457705	"2013-04-19T00:00:32Z"	"R"	"5-10"	"R"	"Flyout"	"Andrew McCutchen"	"Julio Teheran"
"Ball"	192	"B"	"130418_200143"	78.1	72.4	3.41	1.7	9.35	-3.46	-0.205	3.257	3.122	-114.524	3.359	12.392	21.55	-36.686	23.8	-19.7	11.7	"SL"	2	2	33	69.993	1670.63	"bottom"	3	26	"gid_2013_04_18_atlmlb_pitmlb_1"	"2-0"	527054	457705	"2013-04-19T00:00:32Z"	"R"	"5-10"	"R"	"Flyout"	"Andrew McCutchen"	"Julio Teheran"
"Called Strike"	193	"S"	"130418_200207"	90.8	84.3	4.05	1.91	-2.63	3.8	-0.246	2.961	7.152	-132.93	-0.547	-4.747	25.711	-25.221	23.8	7.7	5.7	"FF"	2	4	25	214.321	918.831	"bottom"	3	26	"gid_2013_04_18_atlmlb_pitmlb_1"	"3-0"	527054	457705	"2013-04-19T00:00:32Z"	"R"	"5-10"	"R"	"Flyout"	"Andrew McCutchen"	"Julio Teheran"
"In play, out(s)"	194	"X"	"130418_200226"	79.4	74.3	3.49	1.55	8.78	-3.05	0.475	2.374	4.91	-116.322	1.227	12.13	20.216	-36.314	23.9	-19.6	11.2	"SL"	2	6	32	71.155	1598.557	"bottom"	3	26	"gid_2013_04_18_atlmlb_pitmlb_1"	"3-1"	527054	457705	"2013-04-19T00:00:32Z"	"R"	"5-10"	"R"	"Flyout"	"Andrew McCutchen"	"Julio Teheran"
"Foul"	347	"S"	"130418_205114"	91.7	84.3	3.49	1.55	-4.05	5.29	-0.18	3.131	7.361	-134.288	-0.95	-7.383	29.377	-22.442	23.8	14.4	5.2	"FF"	2	2	52	217.184	1319.712	"bottom"	5	45	"gid_2013_04_18_atlmlb_pitmlb_1"	"0-0"	527054	457705	"2013-04-19T00:50:46Z"	"R"	"5-10"	"R"	"Groundout"	"Andrew McCutchen"	"Julio Teheran"
"Ball"	348	"B"	"130418_205136"	83	77.3	3.49	1.61	-5.71	3.5	0.917	0.078	9.238	-121.252	-6.249	-8.555	22.364	-26.859	23.9	14.1	7.8	"CH"	2	14	45	238.148	1205.069	"bottom"	5	45	"gid_2013_04_18_atlmlb_pitmlb_1"	"0-1"	527054	457705	"2013-04-19T00:50:46Z"	"R"	"5-10"	"R"	"Groundout"	"Andrew McCutchen"	"Julio Teheran"
"In play, out(s)"	352	"X"	"130418_205213"	88.7	81.5	3.49	1.55	-7.87	3.45	-1.08	2.719	6.372	-129.924	-1.352	-13.399	28.094	-26.231	23.8	24.5	6.9	"FT"	2	11	59	246.08	1636.752	"bottom"	5	45	"gid_2013_04_18_atlmlb_pitmlb_1"	"1-1"	527054	457705	"2013-04-19T00:50:46Z"	"R"	"5-10"	"R"	"Groundout"	"Andrew McCutchen"	"Julio Teheran"
"Ball"	505	"B"	"130418_213925"	78.5	73.7	3.53	1.57	5.43	-3.83	-1.077	3.665	-2.583	-115.137	2.367	7.394	18.311	-37.323	23.9	-10.7	11.2	"CU"	0.902	11	100	55.147	1135.327	"bottom"	7	63	"gid_2013_04_18_atlmlb_pitmlb_1"	"0-0"	460008	457705	"2013-04-19T01:38:31Z"	"R"	"5-10"	"R"	"Groundout"	"Andrew McCutchen"	"Anthony Varvaro"
"Ball"	506	"B"	"130418_213941"	80.6	75.6	3.53	1.61	4.51	-3.3	0.671	1.296	1.555	-118.208	-2.941	6.418	21.14	-36.794	23.9	-10.1	10.7	"CU"	0.884	14	50	54.251	970.549	"bottom"	7	63	"gid_2013_04_18_atlmlb_pitmlb_1"	"1-0"	460008	457705	"2013-04-19T01:38:31Z"	"R"	"5-10"	"R"	"Groundout"	"Andrew McCutchen"	"Anthony Varvaro"
"Foul"	507	"S"	"130418_214002"	94.2	86.7	3.49	1.5	-6.64	7.46	-0.553	1.844	2.094	-138.004	-7.106	-12.772	31.39	-17.741	23.8	32.5	4.8	"FF"	0.895	7	46	221.505	2026.06	"bottom"	7	63	"gid_2013_04_18_atlmlb_pitmlb_1"	"2-0"	460008	457705	"2013-04-19T01:38:31Z"	"R"	"5-10"	"R"	"Groundout"	"Andrew McCutchen"	"Anthony Varvaro"
"In play, out(s)"	508	"X"	"130418_214028"	94.7	87.9	3.49	1.5	-2.84	7.31	0.282	2.022	2.745	-138.665	-6.873	-5.569	28.667	-17.762	23.8	14.7	4.1	"FF"	0.912	9	37	201.126	1616.513	"bottom"	7	63	"gid_2013_04_18_atlmlb_pitmlb_1"	"2-1"	460008	457705	"2013-04-19T01:38:31Z"	"R"	"5-10"	"R"	"Groundout"	"Andrew McCutchen"	"Anthony Varvaro"
"Called Strike"	38	"S"	"130419_191641"	84.4	78.8	3.42	1.62	2.01	-1.7	-0.248	3.112	2.558	-123.707	2.158	3.163	21.622	-34.767	23.9	-5.9	8.9	"FC"	2	1	52	50.655	479.659	"bottom"	1	6	"gid_2013_04_19_atlmlb_pitmlb_1"	"0-0"	218596	457705	"2013-04-19T23:16:14Z"	"R"	"5-10"	"R"	"Lineout"	"Andrew McCutchen"	"Tim Hudson"
"Ball"	39	"B"	"130419_191701"	75.5	70.2	3.37	1.5	8.74	-8.67	0.083	3.141	0.918	-110.621	4.728	10.843	19.416	-42.857	23.8	-14.6	14.2	"CU"	2	2	27	45.425	1996.296	"bottom"	1	6	"gid_2013_04_19_atlmlb_pitmlb_1"	"0-1"	218596	457705	"2013-04-19T23:16:14Z"	"R"	"5-10"	"R"	"Lineout"	"Andrew McCutchen"	"Tim Hudson"
"Swinging Strike"	40	"S"	"130419_191724"	84.9	78.9	3.52	1.5	2.9	-1.34	1.391	2.27	5.629	-124.456	0.03	4.563	24.017	-34.209	23.8	-9.2	8.9	"FC"	2	14	19	65.964	582.409	"bottom"	1	6	"gid_2013_04_19_atlmlb_pitmlb_1"	"1-1"	218596	457705	"2013-04-19T23:16:14Z"	"R"	"5-10"	"R"	"Lineout"	"Andrew McCutchen"	"Tim Hudson"
"Ball"	41	"B"	"130419_191752"	76	70.6	3.37	1.63	9.53	-6.38	1.814	1.967	3.912	-111.38	1.737	11.897	21.151	-40.069	23.8	-17.4	13.5	"CU"	2	14	21	56.431	1859.822	"bottom"	1	6	"gid_2013_04_19_atlmlb_pitmlb_1"	"1-2"	218596	457705	"2013-04-19T23:16:14Z"	"R"	"5-10"	"R"	"Lineout"	"Andrew McCutchen"	"Tim Hudson"
"Ball"	42	"B"	"130419_191820"	88.8	82.2	3.33	1.67	-8.32	-0.01	-1.425	1.638	2.516	-130.208	-2.575	-14.284	27.445	-32.112	23.8	22.9	8.4	"SI"	2	13	28	269.751	1591.543	"bottom"	1	6	"gid_2013_04_19_atlmlb_pitmlb_1"	"2-2"	218596	457705	"2013-04-19T23:16:14Z"	"R"	"5-10"	"R"	"Lineout"	"Andrew McCutchen"	"Tim Hudson"
"In play, out(s)"	43	"X"	"130419_191845"	75.8	70.8	3.52	1.5	9.68	-8.26	-0.85	3.154	-1.458	-111.111	4.685	12.189	18.535	-42.502	23.9	-16	14	"CU"	2	11	49	49.724	2086.022	"bottom"	1	6	"gid_2013_04_19_atlmlb_pitmlb_1"	"3-2"	218596	457705	"2013-04-19T23:16:14Z"	"R"	"5-10"	"R"	"Lineout"	"Andrew McCutchen"	"Tim Hudson"
"Called Strike"	152	"S"	"130419_195012"	87.5	80.6	3.52	1.5	-7.97	0.4	0.289	2.11	6.014	-128.219	-1.517	-13.218	27.544	-31.443	23.8	20.7	8.3	"SI"	2	9	48	266.835	1497.886	"bottom"	3	21	"gid_2013_04_19_atlmlb_pitmlb_1"	"0-0"	218596	457705	"2013-04-19T23:49:29Z"	"R"	"5-10"	"R"	"Flyout"	"Andrew McCutchen"	"Tim Hudson"
"Swinging Strike"	153	"S"	"130419_195025"	79.4	73.2	3.52	1.5	-6.22	1.47	0.013	1.578	4.154	-116.413	-1.776	-8.479	23.284	-30.093	23.8	14.2	9.4	"FS"	2	8	24	256.21	1088.044	"bottom"	3	21	"gid_2013_04_19_atlmlb_pitmlb_1"	"0-1"	218596	457705	"2013-04-19T23:49:29Z"	"R"	"5-10"	"R"	"Flyout"	"Andrew McCutchen"	"Tim Hudson"
"Foul"	154	"S"	"130419_195043"	79.6	73.9	3.52	1.5	-9.3	0.04	0.169	1.923	5.063	-116.661	-0.854	-12.848	21.491	-32.045	23.8	20.4	10.1	"FS"	2	8	21	269.425	1597.842	"bottom"	3	21	"gid_2013_04_19_atlmlb_pitmlb_1"	"0-2"	218596	457705	"2013-04-19T23:49:29Z"	"R"	"5-10"	"R"	"Flyout"	"Andrew McCutchen"	"Tim Hudson"
"In play, out(s)"	155	"X"	"130419_195105"	76.2	71	3.52	1.5	9.08	-7.14	0.531	1.77	1.207	-111.696	1.503	11.465	20.134	-41.12	23.9	-15.9	13.6	"CU"	2	9	41	52.035	1888.845	"bottom"	3	21	"gid_2013_04_19_atlmlb_pitmlb_1"	"0-2"	218596	457705	"2013-04-19T23:49:29Z"	"R"	"5-10"	"R"	"Flyout"	"Andrew McCutchen"	"Tim Hudson"
"Ball"	268	"B"	"130419_202448"	88.3	81.7	3.52	1.5	-10.05	0.84	-1.313	2.756	3.5	-129.446	-0.24	-17.11	26.18	-30.678	23.8	28.1	8.3	"SI"	2	11	36	265.003	1924.941	"bottom"	5	36	"gid_2013_04_19_atlmlb_pitmlb_1"	"0-0"	218596	457705	"2013-04-20T00:24:09Z"	"R"	"5-10"	"R"	"Walk"	"Andrew McCutchen"	"Tim Hudson"
"Ball"	269	"B"	"130419_202513"	85.2	79.4	3.52	1.5	-0.5	-1.51	0.503	1.472	4.498	-124.922	-1.615	-0.795	23.655	-34.508	23.9	0.1	8.9	"FC"	2	14	48	341.192	286.352	"bottom"	5	36	"gid_2013_04_19_atlmlb_pitmlb_1"	"1-0"	218596	457705	"2013-04-20T00:24:09Z"	"R"	"5-10"	"R"	"Walk"	"Andrew McCutchen"	"Tim Hudson"
"Swinging Strike"	270	"S"	"130419_202536"	79.4	73.7	3.52	1.5	-5.99	-2.89	0.33	1.696	4.741	-116.398	-0.372	-8.211	21.882	-36.071	23.8	11.6	10.9	"FS"	2	9	33	295.39	1132.832	"bottom"	5	36	"gid_2013_04_19_atlmlb_pitmlb_1"	"2-0"	218596	457705	"2013-04-20T00:24:09Z"	"R"	"5-10"	"R"	"Walk"	"Andrew McCutchen"	"Tim Hudson"
"Ball"	271	"B"	"130419_202602"	89.4	83.2	3.52	1.5	-7.42	1.97	-2.263	2.783	-0.013	-131.071	-0.678	-13.03	25.214	-28.634	23.9	24.3	7.3	"SI"	2	11	25	254.8	1494.527	"bottom"	5	36	"gid_2013_04_19_atlmlb_pitmlb_1"	"2-1"	218596	457705	"2013-04-20T00:24:09Z"	"R"	"5-10"	"R"	"Walk"	"Andrew McCutchen"	"Tim Hudson"
"Ball"	272	"B"	"130419_202627"	89.1	82.5	3.52	1.5	-8.03	-2.68	-0.354	3.6	4.471	-130.514	3.149	-13.94	25.73	-36.759	23.8	19.9	9	"SI"	2	11	55	288.207	1631.223	"bottom"	5	36	"gid_2013_04_19_atlmlb_pitmlb_1"	"3-1"	218596	457705	"2013-04-20T00:24:09Z"	"R"	"5-10"	"R"	"Walk"	"Andrew McCutchen"	"Tim Hudson"
"Called Strike"	377	"S"	"130419_205546"	88.8	82.1	3.52	1.5	-8.85	-0.34	-0.892	2.177	4.029	-130.186	-1.81	-15.193	27.351	-32.684	23.8	23.5	8.5	"FT"	2	13	63	271.923	1694.049	"bottom"	6	48	"gid_2013_04_19_atlmlb_pitmlb_1"	"0-0"	425646	457705	"2013-04-20T00:55:08Z"	"R"	"5-10"	"R"	"Strikeout"	"Andrew McCutchen"	"Luis Ayala"
"Foul"	378	"S"	"130419_205626"	89.8	82.7	3.52	1.5	-9.08	3.41	-0.915	2.184	3.848	-131.548	-3.543	-15.869	28.542	-26.143	23.8	29.3	7.2	"FT"	2	13	62	249.19	1872.249	"bottom"	6	48	"gid_2013_04_19_atlmlb_pitmlb_1"	"0-1"	425646	457705	"2013-04-20T00:55:08Z"	"R"	"5-10"	"R"	"Strikeout"	"Andrew McCutchen"	"Luis Ayala"
"Ball"	379	"B"	"130419_205658"	88.7	82.5	3.52	1.5	-7.03	-0.86	-1.942	2.325	0.754	-130.128	-1.458	-12.115	26.075	-33.586	23.8	19.4	8.4	"FF"	2	13	24	276.648	1359.83	"bottom"	6	48	"gid_2013_04_19_atlmlb_pitmlb_1"	"0-2"	425646	457705	"2013-04-20T00:55:08Z"	"R"	"5-10"	"R"	"Strikeout"	"Andrew McCutchen"	"Luis Ayala"
"Swinging Strike"	380	"S"	"130419_205721"	86	80.2	3.52	1.5	-2.04	0.03	1.432	2.077	6.769	-125.992	-1.356	-3.307	23.336	-32.05	23.9	3.8	8.1	"CH"	2	14	23	267.853	381.065	"bottom"	6	48	"gid_2013_04_19_atlmlb_pitmlb_1"	"1-2"	425646	457705	"2013-04-20T00:55:08Z"	"R"	"5-10"	"R"	"Strikeout"	"Andrew McCutchen"	"Luis Ayala"
"Called Strike"	42	"S"	"130420_191649"	88.5	80.9	3.57	1.61	10.45	6.94	-0.243	3.088	-8.4	-129.431	-4.526	17.582	29.038	-20.419	23.7	-36.4	6.4	"FT"	2	1	45	123.767	2370.646	"bottom"	1	6	"gid_2013_04_20_atlmlb_pitmlb_1"	"0-0"	430904	457705	"2013-04-20T23:16:23Z"	"R"	"5-10"	"L"	"Flyout"	"Andrew McCutchen"	"Paul Maholm"
"Swinging Strike"	43	"S"	"130420_191704"	64.8	59.9	3.52	1.5	-6.2	-6.46	0.931	2.445	-0.853	-95.033	3.073	-5.577	16.777	-37.909	23.8	8.6	17.1	"EP"	2	14	57	315.801	1221.222	"bottom"	1	6	"gid_2013_04_20_atlmlb_pitmlb_1"	"0-1"	430904	457705	"2013-04-20T23:16:23Z"	"R"	"5-10"	"L"	"Flyout"	"Andrew McCutchen"	"Paul Maholm"
"Foul"	44	"S"	"130420_191723"	73	67.4	3.52	1.5	-4.42	-8.04	0.124	1.42	-2.867	-106.982	-0.588	-5.032	21.6	-41.252	23.8	7.5	14.9	"CU"	2	14	32	331.001	1407.544	"bottom"	1	6	"gid_2013_04_20_atlmlb_pitmlb_1"	"0-2"	430904	457705	"2013-04-20T23:16:23Z"	"R"	"5-10"	"L"	"Flyout"	"Andrew McCutchen"	"Paul Maholm"
"In play, out(s)"	45	"X"	"130420_191743"	88	81.5	3.52	1.5	6.97	10.92	0.339	2.017	-5.554	-128.665	-8.345	11.739	25.449	-13.698	23.8	-34.9	4.5	"FF"	2	9	36	147.571	2468.227	"bottom"	1	6	"gid_2013_04_20_atlmlb_pitmlb_1"	"0-2"	430904	457705	"2013-04-20T23:16:23Z"	"R"	"5-10"	"L"	"Flyout"	"Andrew McCutchen"	"Paul Maholm"
"Ball"	210	"B"	"130420_200434"	80.7	75.4	3.62	1.66	7.34	-0.33	1.182	2.222	-4.325	-118.286	-2.45	10.473	21.04	-32.565	23.9	-16.5	9.7	"CH"	2	14	74	87.862	1285.412	"bottom"	4	29	"gid_2013_04_20_atlmlb_pitmlb_1"	"0-0"	430904	457705	"2013-04-21T00:04:09Z"	"R"	"5-10"	"L"	"Double"	"Andrew McCutchen"	"Paul Maholm"
"In play, no out"	211	"X"	"130420_200448"	81.1	75.5	3.52	1.5	-1.58	1.84	0.351	2.587	-3.93	-118.868	-2.324	-2.274	21.572	-29.458	23.9	5.6	8.4	"FC"	2	6	33	219.937	432.334	"bottom"	4	29	"gid_2013_04_20_atlmlb_pitmlb_1"	"1-0"	430904	457705	"2013-04-21T00:04:09Z"	"R"	"5-10"	"L"	"Double"	"Andrew McCutchen"	"Paul Maholm"
"Foul"	343	"S"	"130420_204112"	87.3	80.5	3.52	1.5	10.54	5.1	0.274	2.898	-8.038	-127.712	-3.368	17.423	26.21	-23.668	23.8	-33.1	7.1	"FT"	2	3	44	116.022	2202.491	"bottom"	6	46	"gid_2013_04_20_atlmlb_pitmlb_1"	"0-0"	430904	457705	"2013-04-21T00:40:41Z"	"R"	"5-10"	"L"	"Double"	"Andrew McCutchen"	"Paul Maholm"
"In play, run(s)"	344	"X"	"130420_204135"	86.6	79.4	3.52	1.5	11.45	-0.19	0.364	2.858	-9.129	-126.748	-0.927	18.486	27.787	-32.399	23.8	-27	9.2	"FT"	2	3	45	89.303	2116.1	"bottom"	6	46	"gid_2013_04_20_atlmlb_pitmlb_1"	"0-1"	430904	457705	"2013-04-21T00:40:41Z"	"R"	"5-10"	"L"	"Double"	"Andrew McCutchen"	"Paul Maholm"
"Ball"	494	"B"	"130420_212151"	96.4	88.5	3.28	1.61	-6.46	11.29	-0.003	3.39	9.481	-140.979	-5.818	-13.003	32.102	-9.384	23.8	45.4	3.1	"FF"	0.906	11	54	209.706	2700.15	"bottom"	8	63	"gid_2013_04_20_atlmlb_pitmlb_1"	"0-0"	477229	457705	"2013-04-21T01:21:23Z"	"R"	"5-10"	"R"	"Flyout"	"Andrew McCutchen"	"Jordan Walden"
"Foul"	495	"S"	"130420_212206"	94.8	87.3	3.52	1.5	-6.29	9.79	-0.082	2.357	9.084	-138.516	-7.255	-12.244	30.492	-13.047	23.8	35.2	3.7	"FF"	0.897	5	24	212.624	2378.62	"bottom"	8	63	"gid_2013_04_20_atlmlb_pitmlb_1"	"1-0"	477229	457705	"2013-04-21T01:21:23Z"	"R"	"5-10"	"R"	"Flyout"	"Andrew McCutchen"	"Jordan Walden"
"Ball"	496	"B"	"130420_212244"	83.7	78.2	3.49	1.5	3.11	-1.22	1.791	1.667	9.196	-122.319	-3.436	4.73	23.145	-33.96	23.9	-10.2	9.3	"SL"	0.902	14	26	69.314	599.669	"bottom"	8	63	"gid_2013_04_20_atlmlb_pitmlb_1"	"1-1"	477229	457705	"2013-04-21T01:21:23Z"	"R"	"5-10"	"R"	"Flyout"	"Andrew McCutchen"	"Jordan Walden"
"In play, out(s)"	497	"X"	"130420_212300"	95.5	87.4	3.52	1.5	-5.95	7.99	-0.087	2.623	8.902	-139.622	-5.774	-11.693	32.967	-16.417	23.8	28.5	4.2	"FF"	0.899	5	22	216.577	2038.844	"bottom"	8	63	"gid_2013_04_20_atlmlb_pitmlb_1"	"2-1"	477229	457705	"2013-04-21T01:21:23Z"	"R"	"5-10"	"R"	"Flyout"	"Andrew McCutchen"	"Jordan Walden"
"In play, no out"	47	"X"	"130421_135114"	89.5	82.6	3.5	1.5	-6.35	5.93	-0.583	1.938	2.386	-131.208	-5.386	-11.041	28.234	-21.787	23.8	24.7	5.9	"FT"	2	7	57	226.747	1676.142	"bottom"	1	6	"gid_2013_04_21_atlmlb_pitmlb_1"	"0-0"	450665	457705	"2013-04-21T17:50:30Z"	"R"	"5-10"	"R"	"Single"	"Andrew McCutchen"	"Kris Medlen"
"In play, out(s)"	181	"X"	"130421_143039"	78	72.4	3.5	1.5	7.64	-7.65	-0.329	2.511	-0.85	-114.318	1.813	10.091	21.474	-42.198	23.8	-13.3	13.2	"CU"	2	4	67	45.19	1805.074	"bottom"	2	22	"gid_2013_04_21_atlmlb_pitmlb_1"	"0-0"	450665	457705	"2013-04-21T18:30:20Z"	"R"	"5-10"	"R"	"Flyout"	"Andrew McCutchen"	"Kris Medlen"
"Called Strike"	382	"S"	"130421_153457"	89.5	82.2	3.71	1.62	-8.5	5.35	-0.061	2.91	4.231	-131.128	-2.814	-14.756	28.635	-22.815	23.8	30.6	6.4	"FT"	2	5	34	237.614	1933.267	"bottom"	5	45	"gid_2013_04_21_atlmlb_pitmlb_1"	"0-0"	450665	457705	"2013-04-21T19:34:25Z"	"R"	"5-10"	"R"	"Strikeout"	"Andrew McCutchen"	"Kris Medlen"
"Foul"	383	"S"	"130421_153516"	81.2	74.4	3.5	1.5	-9.06	4.45	-1.021	2.632	2.316	-119.064	-1.44	-12.873	25.108	-25.777	23.8	25.4	8.3	"CH"	2	11	47	243.575	1751.558	"bottom"	5	45	"gid_2013_04_21_atlmlb_pitmlb_1"	"0-1"	450665	457705	"2013-04-21T19:34:25Z"	"R"	"5-10"	"R"	"Strikeout"	"Andrew McCutchen"	"Kris Medlen"
"Ball"	384	"B"	"130421_153548"	77.8	71.6	3.59	1.66	7.08	-7.91	-0.889	3.909	-1.605	-114.006	4.616	9.256	22.329	-42.438	23.8	-12.2	13.2	"CU"	2	11	59	42.043	1758.805	"bottom"	5	45	"gid_2013_04_21_atlmlb_pitmlb_1"	"0-2"	450665	457705	"2013-04-21T19:34:25Z"	"R"	"5-10"	"R"	"Strikeout"	"Andrew McCutchen"	"Kris Medlen"
"Called Strike"	385	"S"	"130421_153608"	90.6	82.7	3.63	1.71	-9.01	6.69	0.797	2.22	6.703	-132.559	-4.619	-15.868	30.925	-20.313	23.7	33.9	5.9	"FT"	2	14	55	233.222	2168.203	"bottom"	5	45	"gid_2013_04_21_atlmlb_pitmlb_1"	"1-2"	450665	457705	"2013-04-21T19:34:25Z"	"R"	"5-10"	"R"	"Strikeout"	"Andrew McCutchen"	"Kris Medlen"
"Swinging Strike"	522	"S"	"130421_162317"	93	84.5	3.5	1.5	13.19	4.35	0.599	2.332	-5.234	-136.182	-3.949	24.37	34.5	-24.073	23.7	-42.7	7.5	"FT"	0.974	6	51	108.388	2735.883	"bottom"	7	62	"gid_2013_04_21_atlmlb_pitmlb_1"	"0-0"	501593	457705	"2013-04-21T20:22:55Z"	"R"	"5-10"	"L"	"Flyout"	"Andrew McCutchen"	"Luis Avilan"
"Ball"	523	"B"	"130421_162338"	81.3	73.3	3.59	1.5	12.08	3.09	-0.692	1.212	-6.469	-119.019	-3.844	16.787	29.413	-27.799	23.7	-28	9.6	"CH"	0.897	13	61	104.608	2114.603	"bottom"	7	62	"gid_2013_04_21_atlmlb_pitmlb_1"	"0-1"	501593	457705	"2013-04-21T20:22:55Z"	"R"	"5-10"	"L"	"Flyout"	"Andrew McCutchen"	"Luis Avilan"
"Ball"	524	"B"	"130421_162359"	78.8	70.7	3.63	1.54	10.97	2.77	1.079	1.513	-2.751	-115.537	-2.363	14.262	29.259	-28.504	23.6	-25	10.1	"CH"	0.907	14	64	104.431	1849.202	"bottom"	7	62	"gid_2013_04_21_atlmlb_pitmlb_1"	"1-1"	501593	457705	"2013-04-21T20:22:55Z"	"R"	"5-10"	"L"	"Flyout"	"Andrew McCutchen"	"Luis Avilan"
"Swinging Strike"	525	"S"	"130421_162421"	91	82.9	3.5	1.5	15.05	5.37	0.692	2.621	-5.278	-133.361	-3.019	26.713	32.553	-22.564	23.7	-47.5	7.9	"FT"	0.977	6	53	109.787	3088.331	"bottom"	7	62	"gid_2013_04_21_atlmlb_pitmlb_1"	"2-1"	501593	457705	"2013-04-21T20:22:55Z"	"R"	"5-10"	"L"	"Flyout"	"Andrew McCutchen"	"Luis Avilan"
"Ball In Dirt"	526	"B"	"130421_162447"	75.6	68.9	3.5	1.58	-10.51	-2.07	-1.272	0.69	-1.379	-110.834	-2.993	-12.651	25.692	-34.588	23.7	20.1	12.7	"CU"	0.907	13	36	280.803	1685.854	"bottom"	7	62	"gid_2013_04_21_atlmlb_pitmlb_1"	"2-2"	501593	457705	"2013-04-21T20:22:55Z"	"R"	"5-10"	"L"	"Flyout"	"Andrew McCutchen"	"Luis Avilan"
"In play, out(s)"	527	"X"	"130421_162526"	77.3	70.9	3.5	1.5	10.63	1.3	-0.587	1.802	-5.815	-113.277	-1.541	13.64	23.056	-30.43	23.8	-22.2	10.5	"CH"	0.91	7	47	97.286	1761.149	"bottom"	7	62	"gid_2013_04_21_atlmlb_pitmlb_1"	"3-2"	501593	457705	"2013-04-21T20:22:55Z"	"R"	"5-10"	"L"	"Flyout"	"Andrew McCutchen"	"Luis Avilan"
"Ball"	19	"B"	"130422_191117"	83.6	77.2	3.52	1.58	-9.91	6.66	0.756	0.692	9.3	-121.973	-8.591	-14.896	24.476	-22.095	23.8	29.1	7.3	"CH"	2	14	64	235.916	2139.244	"top"	1	3	"gid_2013_04_22_pitmlb_phimlb_1"	"0-0"	543643	457705	"2013-04-22T23:10:41Z"	"R"	"5-10"	"R"	"Strikeout"	"Andrew McCutchen"	"Jonathan Pettibone"
"Ball"	20	"B"	"130422_191134"	83.8	75.5	3.41	1.58	-11.63	12.75	1.179	2.365	10.822	-122.264	-6.465	-17.204	29.223	-13.246	23.7	44.8	5.7	"CH"	2	14	47	222.267	3035.11	"top"	1	3	"gid_2013_04_22_pitmlb_phimlb_1"	"1-0"	543643	457705	"2013-04-22T23:10:41Z"	"R"	"5-10"	"R"	"Strikeout"	"Andrew McCutchen"	"Jonathan Pettibone"
"Ball In Dirt"	21	"B"	"130422_191152"	88.1	81.8	3.52	1.65	-2.83	6.48	0.761	0.545	7.227	-128.659	-10.452	-4.759	26.161	-21.207	23.8	8.4	5.7	"FC"	2	14	46	203.456	1348.073	"top"	1	3	"gid_2013_04_22_pitmlb_phimlb_1"	"2-0"	543643	457705	"2013-04-22T23:10:41Z"	"R"	"5-10"	"R"	"Strikeout"	"Andrew McCutchen"	"Jonathan Pettibone"
"Called Strike"	22	"S"	"130422_191213"	91.4	83.6	3.49	1.58	-6.84	11.17	0.878	2.925	8.627	-133.529	-7.231	-12.278	30.264	-12.051	23.8	37.2	3.9	"FF"	2	12	53	211.388	2561.184	"top"	1	3	"gid_2013_04_22_pitmlb_phimlb_1"	"3-0"	543643	457705	"2013-04-22T23:10:41Z"	"R"	"5-10"	"R"	"Strikeout"	"Andrew McCutchen"	"Jonathan Pettibone"
"Foul"	23	"S"	"130422_191230"	92.3	83.7	3.51	1.5	-7.31	10.81	0.515	2.17	7.983	-134.776	-8.879	-13.224	33.907	-12.555	23.7	37.4	4.2	"FF"	2	9	42	213.98	2546.819	"top"	1	3	"gid_2013_04_22_pitmlb_phimlb_1"	"3-1"	543643	457705	"2013-04-22T23:10:41Z"	"R"	"5-10"	"R"	"Strikeout"	"Andrew McCutchen"	"Jonathan Pettibone"
"Called Strike"	24	"S"	"130422_191252"	93	85.8	3.45	1.54	-5.24	13.53	1.036	1.96	8.416	-135.694	-10.799	-9.804	28.677	-6.783	23.8	41.8	2.6	"FF"	2	14	58	201.111	2910.036	"top"	1	3	"gid_2013_04_22_pitmlb_phimlb_1"	"3-2"	543643	457705	"2013-04-22T23:10:41Z"	"R"	"5-10"	"R"	"Strikeout"	"Andrew McCutchen"	"Jonathan Pettibone"
"Ball"	200	"B"	"130422_200640"	90.5	83.8	3.63	1.58	-6.47	9.91	-0.947	3.701	3.81	-132.531	-4.793	-11.587	26.484	-14.346	23.8	35.3	4.2	"FF"	2	11	83	213.02	2327.556	"top"	4	25	"gid_2013_04_22_pitmlb_phimlb_1"	"0-0"	543643	457705	"2013-04-23T00:06:07Z"	"R"	"5-10"	"R"	"Flyout"	"Andrew McCutchen"	"Jonathan Pettibone"
"In play, out(s)"	201	"X"	"130422_200653"	83.9	78.4	3.51	1.5	1.49	5	0.298	2.51	4.047	-122.931	-5.041	2.31	22.071	-24.379	23.9	-6.7	6.7	"SL"	2	6	23	163.495	959.479	"top"	4	25	"gid_2013_04_22_pitmlb_phimlb_1"	"1-0"	543643	457705	"2013-04-23T00:06:07Z"	"R"	"5-10"	"R"	"Flyout"	"Andrew McCutchen"	"Jonathan Pettibone"
"Ball"	356	"B"	"130422_205642"	89.2	80.6	3.63	1.65	-6.05	9.39	-0.505	3.36	4.604	-130.604	-5.07	-10.229	33.012	-16.228	23.7	27.5	4.8	"FF"	2	1	65	212.678	2104.442	"top"	6	44	"gid_2013_04_22_pitmlb_phimlb_1"	"0-0"	543643	457705	"2013-04-23T00:55:57Z"	"R"	"5-10"	"R"	"Groundout"	"Andrew McCutchen"	"Jonathan Pettibone"
"Swinging Strike"	357	"S"	"130422_205656"	80.3	74.3	3.51	1.5	-8.51	5.7	-0.142	1.315	6.254	-117.469	-6.406	-11.878	22.592	-24.141	23.8	23.1	8	"CH"	2	13	41	235.929	1770.954	"top"	6	44	"gid_2013_04_22_pitmlb_phimlb_1"	"1-0"	543643	457705	"2013-04-23T00:55:57Z"	"R"	"5-10"	"R"	"Groundout"	"Andrew McCutchen"	"Jonathan Pettibone"
"Ball"	358	"B"	"130422_205710"	81.6	75	3.64	1.55	-9.71	8.14	0.441	0.876	7.615	-119.102	-8.502	-13.839	24.571	-20.507	23.8	29.2	7.2	"CH"	2	14	31	229.867	2204.852	"top"	6	44	"gid_2013_04_22_pitmlb_phimlb_1"	"1-1"	543643	457705	"2013-04-23T00:55:57Z"	"R"	"5-10"	"R"	"Groundout"	"Andrew McCutchen"	"Jonathan Pettibone"
"In play, out(s)"	359	"X"	"130422_205725"	89.8	80.2	3.51	1.5	-6.76	12.48	-0.447	2.371	5.471	-131.409	-7.97	-11.416	36.788	-11.038	23.6	36.8	4	"FF"	2	4	39	208.373	2652.076	"top"	6	44	"gid_2013_04_22_pitmlb_phimlb_1"	"2-1"	543643	457705	"2013-04-23T00:55:57Z"	"R"	"5-10"	"R"	"Groundout"	"Andrew McCutchen"	"Jonathan Pettibone"
"In play, out(s)"	542	"X"	"130422_215342"	91.7	83.3	3.51	1.5	-11.94	9.33	-0.473	3.259	11.064	-134.033	-3.071	-21.457	32.343	-15.336	23.7	49.5	5.6	"FF"	2	1	64	231.877	2952.255	"top"	9	65	"gid_2013_04_22_pitmlb_phimlb_1"	"0-0"	449097	457705	"2013-04-23T01:53:18Z"	"R"	"5-10"	"R"	"Pop Out"	"Andrew McCutchen"	"Jonathan Papelbon"
"In play, no out"	23	"X"	"130423_191159"	87.7	80.8	3.52	1.5	0.38	8.1	-0.184	3.18	-6.331	-128.334	-4.455	0.634	26.856	-18.604	23.8	1.8	4.8	"FC"	0.916	2	50	177.327	1535.726	"top"	1	3	"gid_2013_04_23_pitmlb_phimlb_1"	"0-0"	430935	457705	"2013-04-23T23:11:20Z"	"R"	"5-10"	"L"	"Field Error"	"Andrew McCutchen"	"Cole Hamels"
"Ball"	159	"B"	"130423_195255"	83.3	76.6	3.56	1.5	6.22	9.05	2.023	1.847	-2.474	-121.924	-6.791	9.301	25.441	-18.57	23.8	-23.8	5.9	"CH"	2	14	50	145.641	1960.92	"top"	3	22	"gid_2013_04_23_pitmlb_phimlb_1"	"0-0"	430935	457705	"2013-04-23T23:52:19Z"	"R"	"5-10"	"L"	"Pop Out"	"Andrew McCutchen"	"Cole Hamels"
"Ball"	160	"B"	"130423_195345"	88	80.3	3.56	1.62	0.43	7.53	0.618	3.505	-4.504	-128.937	-3.296	0.719	29.938	-19.586	23.7	0.8	5	"FC"	2	3	57	176.733	1418.694	"top"	3	22	"gid_2013_04_23_pitmlb_phimlb_1"	"1-0"	430935	457705	"2013-04-23T23:52:19Z"	"R"	"5-10"	"L"	"Pop Out"	"Andrew McCutchen"	"Cole Hamels"
"Called Strike"	161	"S"	"130423_195405"	93	85	3.56	1.69	5.04	9.99	-0.047	2.495	-7.163	-136.073	-7.575	9.355	32.413	-13.54	23.7	-26.7	3.8	"FF"	2	5	20	153.343	2223.034	"top"	3	22	"gid_2013_04_23_pitmlb_phimlb_1"	"2-0"	430935	457705	"2013-04-23T23:52:19Z"	"R"	"5-10"	"L"	"Pop Out"	"Andrew McCutchen"	"Cole Hamels"
"Ball"	162	"B"	"130423_195452"	83.5	76.1	3.56	1.62	9.55	7.23	1.54	2.846	-5.161	-122.285	-3.574	14.257	27.253	-21.298	23.7	-30.8	7	"CH"	2	12	21	127.339	2127.418	"top"	3	22	"gid_2013_04_23_pitmlb_phimlb_1"	"2-1"	430935	457705	"2013-04-23T23:52:19Z"	"R"	"5-10"	"L"	"Pop Out"	"Andrew McCutchen"	"Cole Hamels"
"In play, out(s)"	163	"X"	"130423_195511"	83.3	76.3	3.52	1.5	6.98	8.9	0.264	3.106	-6.747	-121.857	-3.889	10.42	25.469	-18.802	23.8	-24.8	5.9	"CH"	2	3	35	142.074	2018.297	"top"	3	22	"gid_2013_04_23_pitmlb_phimlb_1"	"3-1"	430935	457705	"2013-04-23T23:52:19Z"	"R"	"5-10"	"L"	"Pop Out"	"Andrew McCutchen"	"Cole Hamels"
"Foul"	280	"S"	"130423_203040"	90.1	81.4	3.52	1.5	2.73	10.91	0.38	3.044	-5.241	-131.848	-6.016	4.704	33.785	-13.31	23.7	-12.9	3.6	"FF"	0.774	3	57	166	2139.252	"top"	5	38	"gid_2013_04_23_pitmlb_phimlb_1"	"0-0"	430935	457705	"2013-04-24T00:30:06Z"	"R"	"5-10"	"L"	"Groundout"	"Andrew McCutchen"	"Cole Hamels"
"Called Strike"	281	"S"	"130423_203108"	91.9	84.4	3.56	1.5	1.77	12.38	0.031	2.24	-5.771	-134.386	-8.795	3.227	29.889	-9.527	23.8	-9.8	2.6	"FF"	2	5	25	171.892	2469.583	"top"	5	38	"gid_2013_04_23_pitmlb_phimlb_1"	"0-1"	430935	457705	"2013-04-24T00:30:06Z"	"R"	"5-10"	"L"	"Groundout"	"Andrew McCutchen"	"Cole Hamels"
"Ball"	282	"B"	"130423_203126"	88.5	81.7	3.45	1.58	-2.03	6.68	-0.338	1.508	-6.38	-129.375	-7.77	-3.434	27.592	-20.806	23.8	11.8	5.5	"FC"	2	13	51	196.807	1331.674	"top"	5	38	"gid_2013_04_23_pitmlb_phimlb_1"	"0-2"	430935	457705	"2013-04-24T00:30:06Z"	"R"	"5-10"	"L"	"Groundout"	"Andrew McCutchen"	"Cole Hamels"
"Foul"	283	"S"	"130423_203144"	92.7	85.2	3.52	1.5	3.41	11.41	0.849	2.687	-4.597	-135.704	-7.8	6.339	30.178	-10.86	23.8	-23	3	"FF"	2	12	48	163.439	2377.275	"top"	5	38	"gid_2013_04_23_pitmlb_phimlb_1"	"1-2"	430935	457705	"2013-04-24T00:30:06Z"	"R"	"5-10"	"L"	"Groundout"	"Andrew McCutchen"	"Cole Hamels"
"Ball"	284	"B"	"130423_203214"	90.1	83.7	3.52	1.5	-0.15	6.88	-1.825	1.43	-10.033	-131.45	-8.246	-0.269	26.441	-19.992	23.8	5.6	5	"FC"	2	13	40	181.263	1344.826	"top"	5	38	"gid_2013_04_23_pitmlb_phimlb_1"	"1-2"	430935	457705	"2013-04-24T00:30:06Z"	"R"	"5-10"	"L"	"Groundout"	"Andrew McCutchen"	"Cole Hamels"
"In play, out(s)"	285	"X"	"130423_203231"	88.8	82.2	3.52	1.5	-1.24	8.45	0.932	1.957	-3.824	-130.048	-7.15	-2.123	26.65	-17.596	23.8	8.5	4.5	"FC"	2	14	55	188.284	1643.439	"top"	5	38	"gid_2013_04_23_pitmlb_phimlb_1"	"2-2"	430935	457705	"2013-04-24T00:30:06Z"	"R"	"5-10"	"L"	"Groundout"	"Andrew McCutchen"	"Cole Hamels"
"Foul"	424	"S"	"130423_211349"	80.4	74	3.52	1.5	6.72	7.85	-0.491	2.261	-7.711	-117.532	-4.781	9.362	23.179	-21.166	23.8	-19.8	6.8	"CH"	2	4	59	139.621	1783.756	"top"	8	56	"gid_2013_04_23_pitmlb_phimlb_1"	"0-0"	430935	457705	"2013-04-24T01:13:16Z"	"R"	"5-10"	"L"	"Flyout"	"Andrew McCutchen"	"Cole Hamels"
"In play, out(s)"	425	"X"	"130423_211410"	90.4	82.9	3.52	1.5	7.14	10.68	0.9	2.771	-5.148	-132.273	-6.859	12.604	29.252	-13.249	23.8	-38	4.3	"FF"	0.924	12	55	146.338	2493.924	"top"	8	56	"gid_2013_04_23_pitmlb_phimlb_1"	"0-1"	430935	457705	"2013-04-24T01:13:16Z"	"R"	"5-10"	"L"	"Flyout"	"Andrew McCutchen"	"Cole Hamels"
"Ball"	27	"B"	"130424_191255"	84	77.2	3.34	1.61	-10.14	4.51	1.562	1.349	11.303	-122.611	-5.602	-15.325	25.771	-25.287	23.8	26.4	7.9	"CH"	2	14	58	245.801	1988.006	"top"	1	3	"gid_2013_04_24_pitmlb_phimlb_1"	"0-0"	136880	457705	"2013-04-24T23:12:17Z"	"R"	"5-10"	"R"	"Strikeout"	"Andrew McCutchen"	"Roy Halladay"
"Ball"	28	"B"	"130424_191313"	89.8	82.1	3.27	1.61	-2.7	12.42	2.041	2.667	10.611	-131.154	-5.966	-4.668	29.719	-10.625	23.7	11	2.9	"FC"	2	12	25	192.221	2438.966	"top"	1	3	"gid_2013_04_24_pitmlb_phimlb_1"	"1-0"	136880	457705	"2013-04-24T23:12:17Z"	"R"	"5-10"	"R"	"Strikeout"	"Andrew McCutchen"	"Roy Halladay"
"Foul"	29	"S"	"130424_191333"	89.7	82.2	3.52	1.5	-1.81	10.28	0.725	2.018	7.71	-131.149	-6.71	-3.13	29.545	-14.313	23.8	5.3	3.7	"FC"	2	14	49	189.938	2005.909	"top"	1	3	"gid_2013_04_24_pitmlb_phimlb_1"	"2-0"	136880	457705	"2013-04-24T23:12:17Z"	"R"	"5-10"	"R"	"Strikeout"	"Andrew McCutchen"	"Roy Halladay"
"Swinging Strike"	30	"S"	"130424_191412"	78.9	73.2	3.52	1.5	5.41	2.75	0.69	2.886	4.421	-115.637	-1.316	7.328	21.493	-28.376	23.8	-15.7	8.9	"CU"	2	3	41	117.398	1035.516	"top"	1	3	"gid_2013_04_24_pitmlb_phimlb_1"	"2-1"	136880	457705	"2013-04-24T23:12:17Z"	"R"	"5-10"	"R"	"Strikeout"	"Andrew McCutchen"	"Roy Halladay"
"Ball"	31	"B"	"130424_191434"	80.2	74.5	3.31	1.5	1.2	2.02	3.091	1.027	10.794	-116.954	-5.004	1.656	22.589	-29.309	23.8	-6.5	8.9	"CU"	2	14	11	149.973	410.493	"top"	1	3	"gid_2013_04_24_pitmlb_phimlb_1"	"2-2"	136880	457705	"2013-04-24T23:12:17Z"	"R"	"5-10"	"R"	"Strikeout"	"Andrew McCutchen"	"Roy Halladay"
"Foul (Runner Going)"	32	"S"	"130424_191458"	90	83	3.52	1.5	-3.62	10.33	0.592	2.123	7.676	-131.59	-6.715	-6.356	27.505	-13.96	23.8	17.4	3.7	"FC"	2	9	42	199.236	2126.853	"top"	1	3	"gid_2013_04_24_pitmlb_phimlb_1"	"3-2"	136880	457705	"2013-04-24T23:12:17Z"	"R"	"5-10"	"R"	"Strikeout"	"Andrew McCutchen"	"Roy Halladay"
"Called Strike"	33	"S"	"130424_191525"	91.7	83.8	3.27	1.54	-10.3	9.43	0.981	2.273	10.689	-133.939	-6.488	-18.579	30.806	-15.097	23.7	44.3	5.2	"SI"	2	14	39	227.411	2733.366	"top"	1	3	"gid_2013_04_24_pitmlb_phimlb_1"	"3-2"	136880	457705	"2013-04-24T23:12:17Z"	"R"	"5-10"	"R"	"Strikeout"	"Andrew McCutchen"	"Roy Halladay"
"Called Strike"	176	"S"	"130424_195524"	88	81.5	3.16	1.45	-7.33	9.52	-0.207	2.157	6.984	-128.754	-5.986	-12.371	25.331	-16.028	23.8	32.7	4.9	"SI"	2	5	42	217.458	2291.937	"top"	4	23	"gid_2013_04_24_pitmlb_phimlb_1"	"0-0"	136880	457705	"2013-04-24T23:54:44Z"	"R"	"5-10"	"R"	"Groundout"	"Andrew McCutchen"	"Roy Halladay"
"In play, out(s)"	177	"X"	"130424_195538"	82.6	76.1	3.52	1.5	-6.59	4.78	0.25	2.11	7.442	-120.811	-3.828	-9.717	24.103	-25.06	23.8	17.9	7.5	"CH"	2	9	29	233.791	1446.183	"top"	4	23	"gid_2013_04_24_pitmlb_phimlb_1"	"0-1"	136880	457705	"2013-04-24T23:54:44Z"	"R"	"5-10"	"R"	"Groundout"	"Andrew McCutchen"	"Roy Halladay"
"Called Strike"	341	"S"	"130424_204228"	89.6	81.5	3.3	1.6	-12.68	9.15	0.442	2.238	10.087	-130.936	-6.129	-21.741	30.887	-16.417	23.7	47.4	6.3	"SI"	2	6	51	234.066	2975.069	"top"	6	43	"gid_2013_04_24_pitmlb_phimlb_1"	"0-0"	136880	457705	"2013-04-25T00:41:45Z"	"R"	"5-10"	"R"	"Groundout"	"Andrew McCutchen"	"Roy Halladay"
"Ball"	342	"B"	"130424_204240"	89.8	81.4	3.34	1.5	-12.33	8.73	-0.05	1.87	8.682	-131.252	-6.798	-21.122	32.501	-17.148	23.7	45.4	6.4	"SI"	2	8	36	234.572	2865.2	"top"	6	43	"gid_2013_04_24_pitmlb_phimlb_1"	"0-1"	136880	457705	"2013-04-25T00:41:45Z"	"R"	"5-10"	"R"	"Groundout"	"Andrew McCutchen"	"Roy Halladay"
"Called Strike"	343	"S"	"130424_204257"	90	82	3.3	1.57	-13.16	9.98	0.96	2.858	11.539	-131.337	-5.088	-22.793	29.91	-14.814	23.7	51.7	6	"SI"	2	12	62	232.705	3164.884	"top"	6	43	"gid_2013_04_24_pitmlb_phimlb_1"	"1-1"	136880	457705	"2013-04-25T00:41:45Z"	"R"	"5-10"	"R"	"Groundout"	"Andrew McCutchen"	"Roy Halladay"
"Ball"	344	"B"	"130424_204313"	77.9	72.5	3.27	1.53	2.16	4.49	1.428	1.475	6.734	-114.008	-4.574	2.851	20.661	-26.176	23.9	-8.2	8.4	"CU"	2	14	27	154.578	845.098	"top"	6	43	"gid_2013_04_24_pitmlb_phimlb_1"	"1-2"	136880	457705	"2013-04-25T00:41:45Z"	"R"	"5-10"	"R"	"Groundout"	"Andrew McCutchen"	"Roy Halladay"
"Ball"	345	"B"	"130424_204329"	91.1	83.3	3.27	1.57	-12.2	8.73	1.171	3.377	11.927	-133.035	-3.496	-21.767	29.623	-16.524	23.7	47.9	5.9	"SI"	2	12	58	234.284	2923.598	"top"	6	43	"gid_2013_04_24_pitmlb_phimlb_1"	"2-2"	136880	457705	"2013-04-25T00:41:45Z"	"R"	"5-10"	"R"	"Groundout"	"Andrew McCutchen"	"Roy Halladay"
"Foul"	346	"S"	"130424_204347"	88.8	81.2	3.52	1.5	-6.25	12.09	0.399	2.826	8.121	-129.944	-5.322	-10.617	29.04	-11.577	23.7	34.7	3.7	"SI"	2	6	43	207.268	2587.115	"top"	6	43	"gid_2013_04_24_pitmlb_phimlb_1"	"3-2"	136880	457705	"2013-04-25T00:41:45Z"	"R"	"5-10"	"R"	"Groundout"	"Andrew McCutchen"	"Roy Halladay"
"Foul"	347	"S"	"130424_204408"	77.1	70.9	3.52	1.5	1.03	0.35	-0.647	3.068	2.84	-113.037	0.214	1.324	22.299	-31.65	23.8	-3.3	10	"CU"	2	1	40	111.593	182.754	"top"	6	43	"gid_2013_04_24_pitmlb_phimlb_1"	"3-2"	136880	457705	"2013-04-25T00:41:45Z"	"R"	"5-10"	"R"	"Groundout"	"Andrew McCutchen"	"Roy Halladay"
"Foul"	348	"S"	"130424_204426"	78.1	72.8	3.52	1.5	-0.05	2.78	-0.117	1.513	4.314	-114.447	-3.957	-0.062	20.464	-28.404	23.9	-1.2	8.8	"CU"	2	8	29	180.94	477.967	"top"	6	43	"gid_2013_04_24_pitmlb_phimlb_1"	"3-2"	136880	457705	"2013-04-25T00:41:45Z"	"R"	"5-10"	"R"	"Groundout"	"Andrew McCutchen"	"Roy Halladay"
"Foul"	349	"S"	"130424_204456"	89.4	81.9	3.52	1.5	-12.09	6.94	-0.289	2.592	8.5	-130.704	-4.258	-20.804	28.923	-20.166	23.8	42	6.7	"SI"	2	4	22	240.006	2666.249	"top"	6	43	"gid_2013_04_24_pitmlb_phimlb_1"	"3-2"	136880	457705	"2013-04-25T00:41:45Z"	"R"	"5-10"	"R"	"Groundout"	"Andrew McCutchen"	"Roy Halladay"
"In play, out(s)"	350	"X"	"130424_204518"	90.7	82.9	3.52	1.5	-6.51	10.37	0.297	2.507	8.088	-132.72	-5.864	-11.506	30.685	-13.761	23.7	32.7	4.1	"SI"	2	6	35	211.999	2373.411	"top"	6	43	"gid_2013_04_24_pitmlb_phimlb_1"	"3-2"	136880	457705	"2013-04-25T00:41:45Z"	"R"	"5-10"	"R"	"Groundout"	"Andrew McCutchen"	"Roy Halladay"
"Ball"	501	"B"	"130424_212858"	87.6	80.3	3.34	1.57	-2.35	9.63	1.28	1.189	5.877	-128.035	-8.024	-3.863	28.412	-16.25	23.8	8.3	4.5	"FF"	2	14	81	193.634	1856.705	"top"	8	61	"gid_2013_04_24_pitmlb_phimlb_1"	"0-0"	430606	457705	"2013-04-25T01:28:09Z"	"R"	"5-10"	"R"	"Walk"	"Andrew McCutchen"	"Mike Adams"
"Swinging Strike"	502	"S"	"130424_212921"	88.6	80.2	3.52	1.5	-11.48	6.31	-0.041	1.61	4.61	-129.704	-6.138	-19.079	33.196	-21.608	23.7	37.8	7.2	"FT"	2	8	42	241.022	2439.45	"top"	8	61	"gid_2013_04_24_pitmlb_phimlb_1"	"1-0"	430606	457705	"2013-04-25T01:28:09Z"	"R"	"5-10"	"R"	"Walk"	"Andrew McCutchen"	"Mike Adams"
"Ball In Dirt"	503	"B"	"130424_212945"	89.9	81.9	3.34	1.64	-13.34	8.14	-0.105	0.661	5.299	-131.476	-9.469	-22.97	32.155	-18.092	23.7	46.9	7	"FT"	2	13	31	238.489	2973.043	"top"	8	61	"gid_2013_04_24_pitmlb_phimlb_1"	"1-1"	430606	457705	"2013-04-25T01:28:09Z"	"R"	"5-10"	"R"	"Walk"	"Andrew McCutchen"	"Mike Adams"
"Ball"	504	"B"	"130424_213013"	86.5	80.3	3.31	1.68	0.38	8.55	-0.289	1.412	1.609	-126.646	-6.973	0.629	24.416	-18.123	23.8	-2.7	4.8	"SL"	2	13	47	177.439	1611.212	"top"	8	61	"gid_2013_04_24_pitmlb_phimlb_1"	"2-1"	430606	457705	"2013-04-25T01:28:09Z"	"R"	"5-10"	"R"	"Walk"	"Andrew McCutchen"	"Mike Adams"
"Foul"	505	"S"	"130424_213055"	89	81.3	3.52	1.5	-9.6	7.09	-0.666	2.096	2.811	-130.359	-5.421	-16.312	30.565	-20.042	23.7	36.4	6.3	"FT"	2	7	52	233.359	2262.437	"top"	8	61	"gid_2013_04_24_pitmlb_phimlb_1"	"3-1"	430606	457705	"2013-04-25T01:28:09Z"	"R"	"5-10"	"R"	"Walk"	"Andrew McCutchen"	"Mike Adams"
"Foul"	506	"S"	"130424_213148"	80.4	74.1	3.52	1.5	-8.73	9.04	0.445	1.5	4.736	-117.658	-6.005	-12.196	22.975	-19.462	23.8	28.8	6.8	"CH"	2	9	49	223.812	2172.19	"top"	8	61	"gid_2013_04_24_pitmlb_phimlb_1"	"3-2"	430606	457705	"2013-04-25T01:28:09Z"	"R"	"5-10"	"R"	"Walk"	"Andrew McCutchen"	"Mike Adams"
"Foul"	507	"S"	"130424_213220"	87.5	80.6	3.52	1.5	0.64	7.66	-0.1	2.519	2.125	-128.225	-4.212	1.06	26.761	-19.357	23.8	-4.2	4.9	"SL"	2	5	19	175.274	1455.111	"top"	8	61	"gid_2013_04_24_pitmlb_phimlb_1"	"3-2"	430606	457705	"2013-04-25T01:28:09Z"	"R"	"5-10"	"R"	"Walk"	"Andrew McCutchen"	"Mike Adams"
"Ball"	508	"B"	"130424_213251"	86.6	80.6	3.27	1.54	-0.4	7.4	-1.268	2.287	-0.782	-126.85	-4.776	-0.651	23.509	-19.924	23.9	2.2	5.1	"SL"	2	13	43	183.04	1403.008	"top"	8	61	"gid_2013_04_24_pitmlb_phimlb_1"	"3-2"	430606	457705	"2013-04-25T01:28:09Z"	"R"	"5-10"	"R"	"Walk"	"Andrew McCutchen"	"Mike Adams"
